4342 5775
1150 805 1286 893 24⁴

506 1050 574 1117 Sub
596 1052 695 1117 finem
718 1053 799 1130 noui
820 1051 946 1117 soeculi
967 1052 1116 1118 omnium
1138 1049 1339 1131 plerissimus
1360 1053 1439 1127 entis
1460 1052 1703 1136 grommstieoe
1724 1054 1884 1137 magister
1906 1042 2014 1120 extitit

292 1165 301 1178 ·
339 1154 559 1247 Remigius
580 1138 879 1246 sumouoienss,
911 1164 969 1248 qus
1000 1168 1036 1229 es
1063 1161 1184 1227 senous
1205 1162 1406 1229 suession·
1424 1164 1541 1229 mnu
1560 1160 1697 1228 rarum
1722 1162 1842 1231 6666
1868 1171 1904 1231 e
1922 1166 2013 1231 nuru

341 1272 382 1337 sd
404 1292 501 1341 usum
523 1274 711 1340 sobolurum
733 1276 861 1360 seriptis
883 1293 961 1341 eem
984 1276 1215 1340 auctoritatem
1237 1274 1375 1359 adeptus
1404 1282 1470 1356 est,
1500 1279 1538 1340 ut
1566 1275 1653 1340 iliius
1685 1276 1834 1342 menime
1862 1276 2014 1363 discipuli

341 1388 375 1449 et
395 1384 470 1450 libri
489 1386 650 1470 proximis
672 1388 876 1471 temporibus
897 1388 932 1453 in
953 1386 1074 1453 sobolis
1095 1388 1387 1471 grammaticorum
1409 1391 1599 1470 regnarent
1629 1406 1674 1452 ex
1696 1388 1767 1451 eius
1787 1386 1879 1453 libris
1900 1394 2014 1454 sutem

342 1500 562 1582 praeustam
584 1497 715 1563 videtur
735 1504 915 1583 usurpatus
937 1516 1014 1564 esse
1035 1498 1294 1564 commentarius
1313 1498 1348 1561 in
1368 1498 1545 1563 Donatum.
1574 1500 1669 1565 ouius
1690 1501 1920 1565 oommentsrii
1941 1500 2015 1565 libri

205 1633 213 1639 ·
299 1640 309 1643 -
343 1627 444 1673 manu
479 1610 592 1695 scripti
619 1615 685 1675 tres
718 1610 853 1675 iudicati
874 1616 953 1676 sunt
972 1613 1045 1676 bist.
1067 1610 1114 1675 lit
1136 1609 1179 1675 de
1198 1608 1233 1673 le
1251 1606 1382 1676 Frenee
1401 1610 1448 1675 v1
1468 1631 1503 1696 p.
1523 1608 1596 1679 119.
1638 1628 1703 1694 ogo
1725 1628 1848 1677 nomen
1869 1612 2016 1696 Remigii

346 1720 540 1806 inscriptum
561 1739 628 1787 non
652 1721 717 1786 vidi
738 1722 802 1786 nisi
821 1724 855 1786 in
877 1723 1008 1788 duobus
1030 1721 1215 1804 codicibus,
1246 1722 1281 1785 in
1300 1721 1450 1788 Parisino
1470 1722 1579 1808 suppl.
1599 1719 1663 1790 29¹2
1682 1741 1709 1790 s.
1731 1722 1796 1788 xii
1829 1727 1942 1805 166666
1960 1743 2016 1788 ee-

338 1836 455 1911 posicio
476 1836 604 1913 Remipii
623 1852 716 1913 super
727 1836 875 1898 Bonosum
895 1840 1039 1899 minorem
1061 1839 1094 1898 et
1115 1836 1151 1897 in
1171 1833 1331 1898 Beruensi
1350 1832 1414 1901 386
1433 1853 1461 1899 s.
1481 1834 1578 1915 xm,
1598 1835 1634 1899 in
1656 1853 1723 1919 quo
1744 1837 1864 1901 msiori
1886 1838 1949 1901 usti
1971 1834 2013 1901 de

341 1950 416 2007 outo
437 1944 585 2029 pertibus
613 1946 772 2011 orationis
794 1920 980 2030 adscriptus
1005 1951 1058 2011 est
1087 1946 1344 2011 commentarius
1365 1946 1509 2031 Remigii
1535 1947 1600 2011 beo
1626 1946 1740 2012 addite
1760 1947 2014 2032 subscriptione,

341 2060 464 2135 espiicis
484 2058 619 2122 Donatus
638 2064 737 2123 mmor
757 2065 844 2123 cuius
864 2046 1022 2139 expositor
1043 2068 1088 2122 ert
1107 2058 1271 2137 66666666
1312 2057 1371 2123 666
1392 2064 1569 2143 praetereo
1588 2076 1657 2122 non
1678 2057 1787 2124 solum
1808 2056 1920 2153 plures
1942 2058 2016 2125 iibri

340 2168 525 2252 integrum,
558 2177 594 2233 ut
614 2146 761 2249 ridetur,
794 2170 939 2252 Remigii
971 2171 1244 2235 commentarium
1277 2172 1400 2235 omisso
1425 2172 1562 2235 nomine
1583 2171 1751 2255 scriptoris
1773 2170 1948 2255 exhibent,
1980 2175 2018 2235 ut

341 2278 471 2345 Moneo.
492 2280 596 2349 14763
618 2280 706 2365 (Em.
726 2280 808 2358 763)
831 2298 860 2347 s.
881 2280 916 2346 X
936 2281 988 2346 vel
1011 2279 1061 2347 XI
1081 2289 1115 2347 et
1134 2281 1239 2350 172oe
1261 2281 1412 2361 (Sebetil.
1432 2279 1512 2366 ⁸209)
1536 2300 1564 2349 s.
1585 2280 1671 2365 x11,
1708 2281 1769 2348 sed
1789 2283 1891 2349 66666
1913 2284 1936 2348 ii
1958 2283 2015 2368 qui

340 2396 416 2475 post
437 2410 513 2457 eum
534 2391 704 2459 Donatum
728 2399 957 2478 exposuerunt
976 2394 1085 2459 multe
1104 2412 1150 2459 ex
1179 2394 1236 2459 iilo
1263 2396 1296 2459 in
1317 2412 1396 2460 suos
1416 2393 1518 2459 libros
1541 2393 1788 2459 transtulerunt
1830 2394 1903 2459 eius
1926 2412 2015 2461 oom-

341 2505 495 2569 menterii
514 2505 614 2589 igitur
634 2506 762 2570 initium
783 2524 873 2571 nuno
894 2524 916 2571 e
935 2504 1086 2573 Parisino
1106 2506 1191 2572 libro
1212 2506 1412 2591 desoriptum
1431 2522 1620 2591 proponere
1642 2506 1792 2573 suffloiot

507 2656 626 2742 lnoipit
646 2677 700 2724 ers
721 2658 830 2743 primu
851 2659 974 2725 Donati
995 2660 1205 2743 gremmetiei
1227 2658 1316 2723 urbis
1337 2658 1478 2724 1666666
1521 2657 1589 2723 iste
1622 2659 1733 2723 titulus
1755 2660 1848 2724 veris
1869 2664 1904 2725 et
1925 2660 2017 2726 dissi·

343 2754 463 2821 militer
483 2758 649 2823 iuvenitur
669 2759 704 2822 in
726 2758 837 2824 multis
859 2759 1038 2825 codicibus.
1079 2761 1114 2823 in
1142 2758 1339 2844 quibusdem
1368 2760 1456 2823 enim
1484 2776 1539 2824 ers
1561 2759 1671 2843 prims
1691 2760 1814 2844 (prime
1835 2778 1892 2824 om.
1914 2763 2016 2844 666),

341 2856 374 2921 in
397 2854 470 2922 eliis
491 2874 572 2924 vero
593 2858 701 2943 prims
724 2858 823 2925 editio
846 2860 1018 2944 reperitur.
1061 2861 1218 2944 quociros
1238 2876 1378 2925 neeesse
1397 2864 1450 2925 est
1468 2860 1563 2924 iuxte
1584 2859 1783 2944 positionem
1804 2859 1869 2927 looi
1889 2866 1927 2926 ut
1946 2861 2016 2928 ubi·

343 2975 487 3043 eumque
513 2959 554 3041 (s.
577 2961 773 3043 uinumque)
794 2966 991 3044 exponatur.
1034 2959 1146 3024 titulus
1167 2961 1257 3026 enim
1277 2959 1393 3026 dieitur
1413 2978 1436 3024 o
1455 2961 1570 3042 titane,
1589 2958 1625 3023 id
1646 2964 1699 3025 est
1718 2979 1741 3023 6
1760 2960 1843 3044 sole,
1863 2964 1954 3047 quie,
1975 2965 2016 3029 si·

343 3062 399 3121 out
419 3057 470 3124 soi
491 3057 656 3123 illuminet
676 3058 857 3144 mundum,
889 3062 937 3124 ite
964 3066 998 3125 et
1027 3058 1139 3125 titulus
1163 3059 1299 3142 librum,
1331 3058 1384 3124 vel
1411 3061 1496 3125 sicut
1515 3057 1567 3124 soi
1589 3057 1753 3124 illuminet
1783 3079 1939 3147 quaeque
1960 3062 2015 3129 ob

345 3173 454 3241 seuru
478 3159 529 3224 sio
554 3157 666 3223 titulus
687 3158 761 3224 libri
783 3161 968 3244 sequentis
987 3159 1076 3225 idem
1099 3164 1151 3224 est
1171 3159 1328 3225 elenchus
1350 3160 1530 3246 (telenetus
1543 3161 1631 3239 cod.)
1656 3177 1680 3225 6
1695 3177 1832 3245 groeeo,
1855 3162 1943 3248 quod
1967 3168 2019 3228 est
2094 3175 2108 3200 ·

344 3254 435 3324 elios.
477 3257 560 3324 elios
581 3261 672 3322 enim
694 3277 834 3344 graece,
855 3260 906 3327 sol
927 3259 1045 3327 dieitur
1062 3257 1175 3326 iatine
1257 3308 1264 3326 .

389 3451 395 3459 -
510 3401 779 3472 Commenterius
800 3407 944 3492 Remigii
965 3409 1000 3472 in
1021 3407 1227 3473 Prisoienum
1247 3407 1421 3491 minorem,
1442 3406 1563 3490 legitur
1582 3408 1617 3470 iu
1636 3406 1753 3472 oodice
1768 3353 2016 3479 Parisino‘YbRI

345 3533 372 3582 ι.
394 3515 428 3583 x
450 3516 504 3582 vel
523 3513 574 3582 xl
612 3521 742 3596 nemim
766 3524 924 3600 exposco
948 3539 1042 3600 seper
1062 3523 1264 3584 mesmes.
1304 3523 1408 3600 nepe
1431 3521 1576 3583 misum
1596 3522 1749 3583 messam
1767 3527 1960 3598 mammam
1981 3527 2020 3590 ee
2162 3511 2166 3518 ’

345 3633 464 3694 nomine
480 3635 662 3711 pronomine
682 3643 711 3695 et
731 3635 835 3699 uerbo.
880 3635 1021 3698 Forsitan
1054 3642 1184 3711 quaerut
1214 3635 1323 3710 uliquis
1353 3649 1411 3695 our
1429 3635 1611 3696 Prisciam
1636 3635 1676 3696 de
1696 3635 1949 3698 declinationibus
1966 3656 2019 3702 uo·

345 3745 456 3806 minum
471 3748 685 3823 pronominum
717 3747 938 3825 uerborumque
967 3748 1118 3809 durem
1146 3747 1243 3807 uoluit
1262 3761 1333 3827 sqq.
1376 3743 1608 3809 oommenterii
1626 3744 1661 3808 in
1679 3744 1881 3810 Mmtienum
1902 3745 2020 3834 copel-

345 3851 414 3919 lsm
446 3855 548 3921 libros
576 3874 679 3920 66666
715 3857 854 3940 scriptos
885 3833 1063 3942 eonplures
1097 3854 1255 3920 indiesvit
1274 3854 1543 3937 Eyssenhardtus
1571 3857 1676 3942 prees.
1704 3858 1740 3921 in
1760 3857 1857 3924 biert.
1883 3857 1967 3946 Cep
1986 3880 2020 3947 p

345 3963 521 4032 xxvlul.
565 3966 718 4053 denique.
743 3969 813 4032 vite
831 3969 936 4034 Persii
956 3986 980 4033 e
999 3967 1154 4051 Remigio
1185 3965 1308 4052 scripte
1338 3985 1414 4032 eum
1446 3970 1792 4053 perteeommentsrii
1811 3970 1846 4033 in
1869 3971 2020 4039 Persium

346 4077 467 4161 legitur
486 4079 522 4143 in
544 4079 659 4146 codiee
679 4079 863 4164 Regineusi
882 4077 966 4148 1660
987 4097 1013 4146 s.
1034 4075 1102 4161 Xl,
1131 4083 1239 4158 incipit
1257 4083 1323 4142 uita
1342 4082 1415 4144 ,166
1443 4082 1548 4145 flocci
1569 4084 1670 4144 Persii
1694 4085 1824 4162 satyrici
1856 4088 2019 4149 secuudum

349 4193 523 4272 Remmium,
566 4209 610 4257 ex
636 4191 702 4258 boo
722 4191 865 4276 Remigii
892 4193 1133 4258 commentario
1158 4192 1296 4276 petitum
1324 4209 1400 4258 esse
1426 4191 1557 4258 videtur
1582 4192 1825 4276 fragmentum,
1855 4195 1947 4281 quod
1976 4217 2021 4265 ex

190 4361 204 4374 ,
347 4303 449 4372 sebol.
470 4304 504 4368 in
527 4304 618 4371 Pers.
639 4302 670 4387 6,
692 4305 732 4373 71
754 4303 890 4389 protulit
906 4303 1045 4369 Jebnius
1066 4303 1151 4390 prol.
1172 4304 1207 4369 iu
1228 4303 1318 4370 Pers.
1338 4322 1372 4390 p.
1392 4303 1530 4389 buxu,
1549 4322 1764 4390 ,quemquem
1784 4304 1865 4372 iliud
1886 4309 2019 4394 quidem

349 4416 449 4480 obem
482 4415 517 4480 in
542 4416 754 4500 expositione
773 4413 899 4482 Donsti
920 4415 1019 4482 soribi
1042 4416 1157 4501 potnit.
1643 4480 1646 4488 ,
1777 4467 1781 4472 -

356 4593 360 4601 ,
515 4527 569 4594 Ad
590 4528 679 4593 idem
701 4531 848 4613 tempus,
879 4544 946 4613 quo
968 4529 1140 4612 Remigius
1159 4528 1256 4608 vixit,
1286 4528 1427 4594 iortuse
1453 4531 1556 4595 etiem
1586 4527 1765 4595 referende
1793 4536 1845 4594 est
1873 4533 2020 4618 epitome

347 4637 507 4706 Priseism
528 4657 551 4704 s
571 4638 783 4713 Gosberto
805 4641 942 4726 scripte,
972 4657 1061 4724 quse
1080 4639 1265 4726 praemissu
1286 4639 1427 4725 epistole
1447 4640 1492 4705 sd
1514 4641 1659 4721 emioos,
1684 4642 1946 4726 quibus-librum
1967 4646 2022 4714 66-

349 4750 489 4834 diues-it,
523 4751 644 4836 iegitur
677 4753 712 4817 in
740 4751 857 4817 eodice
886 4751 1036 4817 Parisino
1056 4750 1140 4819 7621
1168 4770 1196 4818 s.
1216 4749 1282 4817 ΧΠ
1311 4755 1417 4833 incipit
1445 4756 1575 4833 epistole
1599 4756 1740 4818 (imberti
1770 4757 1814 4819 66
1835 4759 2023 4822 Parem

347 4865 517 4956 'Porciorum
536 4874 567 4928 et
588 4865 762 4969 66666666
789 4865 849 4929 ribi
873 4869 936 4930 suis
957 4865 1009 4941 (7),
1032 4874 1062 4929 et
1091 4868 1196 4928 666666
1225 4868 1371 4933 cariores.
1416 4867 1488 4932 6766
1509 4867 1606 4930 omnir
1625 4869 1815 4945 eloquentiae
1831 4868 1973 4932 6666766
1992 4875 2024 4931 et
2142 4923 2147 4938 .
