4342 5775
1029 698 1155 787 ,lt

292 948 433 1010 auowre
455 944 591 1028 recepit
633 959 700 1007 non
722 939 893 1024 adscriptis
915 941 1105 1009 nominibus
1125 959 1229 1025 saepe
1247 960 1327 1006 usus
1350 945 1400 1006 est
1419 940 1547 1007 isidoro
1568 945 1604 1006 et
1625 927 1774 1007 Maximo
1794 909 1964 1010 womero
2031 1004 2034 1007 ,

290 1054 336 1120 de
365 1060 437 1121 arte
468 1054 697 1139 grammatica
730 1054 774 1145 itt
796 1056 936 1117 tractatu
966 1052 1010 1119 de
1040 1052 1197 1145 pedibus,
1232 1054 1288 1139 qui
1315 1052 1484 1117 subieotua
1505 1056 1571 1134 est,
1602 1050 1654 1117 bis
1687 1052 1816 1118 meede
1834 1052 1963 1119 Mallius

290 1163 488 1232 Theodorus
510 1171 561 1248 et,
596 1184 696 1250 quem
719 1163 792 1228 aliis
814 1165 1004 1230 auctoribus
1026 1166 1179 1232 citavisse
1206 1165 1353 1250 ridetur,
1383 1162 1603 1251 Terentiapus'
1624 1164 1770 1231 Maurus.
1813 1169 1963 1231 ceterum

294 1278 338 1342 ab
360 1276 477 1343 iisdem
500 1279 570 1343 lere
599 1276 788 1342 auctoribus
821 1275 961 1342 eolleeta
986 1283 1038 1342 est
1058 1276 1165 1343 altera
1189 1277 1247 1343 illa
1267 1296 1340 1362 ars,
1371 1295 1473 1362 quam
1500 1278 1534 1341 in
1554 1276 1715 1341 Beraensi
1745 1274 1884 1362 aliisque
1910 1295 1964 1345 oo-

291 1388 418 1455 dioibus
438 1407 514 1455 esse
535 1389 621 1471 dixi,
654 1389 717 1452 nisi
737 1388 828 1472 quod
859 1390 892 1452 in
923 1406 966 1453 ea
993 1405 1060 1453 non
1093 1387 1259 1454 adhibitus
1289 1393 1342 1454 est
1361 1387 1559 1470 Diomedes,
1589 1388 1755 1473 permulta
1775 1386 1964 1455 Geminiani

291 1502 429 1566 nomine
449 1518 471 1565 a
493 1500 644 1568 charisio
666 1504 802 1584 reeepta
822 1504 913 1581 sunt,
940 1500 1056 1585 paucis
1074 1499 1155 1566 loeis
1177 1500 1335 1586 appellati
1355 1500 1594 1580 Maximianus,
1615 1499 1794 1565 Flavianus
1806 1500 1865 1581 ‘),
1886 1500 1963 1568 ldie·

290 1629 461 1695 ronymus.
490 1612 635 1697 denique
652 1616 809 1677 tractatus
822 1610 866 1676 de
877 1611 1084 1677 barbarismo
1098 1617 1186 1678 totus
1206 1614 1276 1677 lere
1297 1614 1486 1697 conpositus
1508 1617 1561 1677 est
1582 1612 1746 1697 excerptis
1765 1611 1897 1694 Donati,
1918 1613 1963 1679 ad

290 1725 383 1789 ouius
405 1726 568 1790 rationem
591 1724 644 1789 bie
660 1740 794 1809 quoque
811 1726 1068 1790 commentarius
1089 1726 1226 1791 omnino
1241 1723 1516 1790 edeommodatus
1538 1730 1599 1803 est,
1622 1722 1803 1808 Consentii,
1825 1723 1963 1809 Seregii,

175 1882 178 1889 .
251 1926 256 1931 Ι
288 1834 449 1921 Pompeii,
470 1836 596 1917 Isidori,
618 1836 736 1922 quibus
758 1834 864 1923 semel
885 1836 1002 1901 Eutieii
1023 1836 1069 1919 (b.
1091 1856 1121 1901 e
1135 1835 1327 1924 Eutyolris),
1348 1835 1549 1920 cominiani,
1570 1836 1783 1920 Hieronymi,
1804 1836 1964 1904 Victorini

290 1947 337 2033 (h.
346 1966 374 2013 e.
382 1948 471 2013 Max.
478 1948 638 2014 Victorini
649 1946 693 2013 de
705 1946 946 2031 gratnmatiea)‚
957 1948 1007 2013 bis
1019 1946 1121 2034 capri
1134 1954 1168 2015 et
1176 1950 1344 2021 humani.
1356 1948 1456 2033 paulo
1469 1952 1602 2035 saepius
1614 1948 1808 2013 Maximiani
1819 1950 1963 2015 testim

289 2061 348 2124 nia
361 2062 557 2146 interposita
576 2065 661 2125 sunt
684 2079 762 2124 nam
777 2060 941 2143 exoerptis
952 2062 1241 2145 grammaticorum
1263 2062 1298 2125 in
1313 2061 1377 2126 bae
1386 2065 1482 2146 parte
1495 2061 1568 2126 libri
1579 2078 1689 2144 pauoa
1709 2059 1751 2125 ab
1773 2061 1846 2146 ipso
1866 2061 1964 2147 scrip

290 2176 364 2237 tore
376 2172 491 2237 addita
502 2181 588 2238 sunt.
616 2171 765 2257 equibus
780 2173 925 2236 maxime
937 2174 1155 2240 memorabile
1176 2174 1241 2240 boe
1253 2178 1313 2253 est,
1334 2172 1423 2259 quod
1436 2172 1594 2259 exempla
1607 2177 1794 2259 poetarum,
1814 2173 1964 2239 maxime

292 2283 446 2369 Vergilii,
468 2284 511 2349 ab
532 2282 595 2350 illie
615 2284 782 2369 adscripta
801 2286 993 2369 antepositis
1015 2284 1211 2370 plerumque
1227 2286 1337 2351 verbis
1353 2288 1514 2366 plenitudo
1534 2305 1640 2351 uersus
1659 2288 1738 2352 ltoee
1752 2296 1798 2349 est
1817 2283 1870 2350 vel
1889 2283 1963 2352 bre

291 2398 364 2461 rius
380 2402 462 2477 plen.
476 2414 647 2482 exponere
663 2412 772 2481 enque
793 2396 970 2462 occasione
982 2396 1102 2462 oblata·
1115 2398 1221 2464 multa
1235 2397 1366 2462 arabus
1384 2397 1559 2481 dequibus
1580 2398 1690 2482 egitur
1710 2397 1823 2464 aliena
1844 2396 1964 2463 aliane

291 2508 394 2591 solet,
423 2508 514 2595 quod
534 2508 782 2575 commentandi
802 2527 909 2593 genus
940 2510 1048 2595 ipsum
1075 2527 1210 2595 quoque
1228 2508 1288 2574 illa
1308 2514 1419 2575 aetate
1439 2511 1597 2575 usitatum
1617 2510 1686 2575 nna
1729 2528 1831 2595 quam
1853 2508 1964 2593 negle-

293 2630 411 2706 genter
431 2631 544 2687 autem
566 2622 601 2686 in
623 2638 666 2687 ea
686 2626 893 2687 reversatus
914 2621 971 2703 sit,
999 2622 1086 2687 haee
1105 2630 1182 2686 sunt
1202 2620 1368 2707 exempla
1413 2620 1456 2687 de
1477 2621 1674 2687 soloecismo
1698 2619 1801 2706 (Don.
1821 2618 1902 2705 394,
1921 2620 1961 2697 'tt
1987 2600 1992 2608 ¹

292 2752 429 2800 versum
450 2734 523 2799 sine
544 2734 680 2800 nomine
700 2740 822 2820 poetae
837 2750 942 2819 saepe
963 2736 1110 2827 citatum,
1131 2733 1191 2799 sed
1206 2734 1316 2800 Ennio
1332 2740 1434 2818 reete,
1457 2739 1493 2797 ut
1507 2734 1652 2817 videtur,
1673 2731 1874 2817 adscriptum
1894 2751 1963 2799 non

206 2899 211 2910 .
299 2846 405 2912 solum
428 2845 575 2932 Vergilio
596 2844 724 2926 tribuit,
753 2844 814 2912 sed
842 2846 942 2911 etiam
964 2864 1010 2912 ax
1031 2865 1097 2932 quo
1117 2845 1193 2913 loeo
1214 2847 1336 2931 petitus
1357 2851 1462 2930 esset,
1490 2845 1664 2927 indioerit,
1688 2850 1966 2927 persipnbtcotio·
2064 2909 2071 2923 ,

294 2979 361 3025 nem
382 2962 540 3024 uerborum
557 2963 619 3040 ple.
661 2969 691 3024 et
708 2963 880 3038 spoliantur
899 2978 952 3023 eos
982 2970 1012 3022 st
1032 2976 1168 3039 corpora
1189 2963 1276 3023 nuda
1296 2965 1480 3039 relinquunt.
1527 2962 1669 3039 Virgilius
1688 2959 1748 3025 noc
1769 2962 1849 3024 dixit
1869 2963 1909 3023 de
1928 2977 1965 3026 eo

294 3074 380 3155 quod
397 3075 489 3139 Nisus
508 3080 541 3136 et
562 3074 711 3136 Euriolus
736 3075 843 3137 multos
862 3075 901 3135 de
920 3077 1012 3137 sociis
1036 3073 1131 3135 Turni
1148 3076 1374 3155 spoliomnt,
1401 3083 1431 3135 st
1450 3075 1588 3136 simliter
1606 3075 1689 3136 socii
1711 3071 1807 3136 runs
1826 3075 1865 3135 de
1889 3072 1966 3137 ito·

293 3190 372 3251 lonis
390 3185 539 3262 fecerant.
581 3187 632 3248 lic
647 3189 801 3264 passivum
828 3189 1076 3266 significationen
1093 3189 1200 3265 posuit
1216 3201 1277 3264 pro
1298 3188 1399 3250 oenus
1419 3187 1466 3247 uel
1484 3186 1639 3266 deponens
1655 3202 1718 3264 pro
1737 3194 1844 3249 nnus
1862 3189 1966 3266 posuit
2013 3235 2018 3244 .

178 3315 183 3322 ·
288 3308 418 3380 propter
437 3301 640 3374 necessitatem
660 3301 756 3362 metri.
783 3297 863 3363 item
883 3298 927 3364 de
947 3297 1056 3362 sohesi
1072 3301 1256 3362 onomaton
1277 3294 1379 3382 (Don.
1396 3293 1474 3378 396,
1497 3294 1554 3382 17)
1577 3313 1713 3361 versum
1735 3295 1836 3360 Ennii
1856 3298 1967 3362 lisrsa
2024 3361 2027 3364 ,

294 3431 416 3494 monus,
438 3413 587 3488 Paetinae
607 3413 736 3492 cotors,
765 3413 883 3474 Vestino
904 3414 999 3474 uirum
1020 3412 1065 3474 uis
1086 3417 1224 3495 propter
1243 3407 1419 3491 Paelignos
1442 3405 1562 3475 ovidio
1584 3393 1713 3496 tribuit,
1744 3410 1867 3502 Ouidius
1885 3411 1967 3476 nm

295 3543 412 3589 versum
432 3525 550 3588 centro.
593 3521 636 3589 de
663 3522 895 3608 episynalipha
923 3521 1031 3603 (Don.
1050 3520 1130 3606 396,
1151 3519 1212 3599 20)
1247 3538 1382 3586 versum
1404 3519 1540 3606 Vergilii
1566 3519 1678 3587 buool.
1700 3519 1739 3604 6,
1761 3519 1804 3590 62
1825 3540 1845 3589 e
1864 3521 1966 3588 Prise

295 3634 318 3702 l.
338 3638 350 3698 l
370 3656 403 3720 p.
426 3633 478 3714 bo,
498 3632 535 3716 Β,
556 3640 593 3698 ut
614 3633 761 3716 ridetur,
784 3633 1001 3720 neglegenter
1020 3639 1192 3720 receptum
1215 3641 1250 3699 et
1270 3633 1314 3700 ab
1336 3650 1379 3699 eo
1400 3633 1490 3718 quod
1510 3632 1567 3700 illo
1587 3631 1664 3699 loeo
1688 3635 1798 3718 agitur
1819 3634 1966 3703 alienum

296 3747 485 3830 adscripsit,
515 3747 688 3827 episinaliso
709 3757 756 3812 est
775 3751 990 3826 conglutinatio
1011 3751 1141 3812 duorum
1160 3750 1347 3828 spinum
1375 3751 1429 3811 rel.
1443 3749 1508 3826 pls.
1529 3757 1590 3812 tuns
1615 3749 1830 3812 Foetontlsdos
1849 3748 1965 3825 (fostun

404 3991 436 4062 ⁶)
458 3991 669 4046 ilaxlmlanl
690 3992 803 4046 nomine
821 3991 996 4062 grummatlel
1015 3996 1218 4061 usurpaverunt
1235 3988 1338 4044 librum
1350 3988 1610 4045 Hulmtvletorini
1628 3993 1677 4060 qui
1694 3994 1784 4048 fertur
1801 3991 1837 4048 de
1855 3993 1965 4048 ntione
2011 4012 2019 4029 ·

296 4102 459 4149 metrorum.
494 4106 560 4146 narn
579 4093 608 4146 lo
627 4090 681 4146 boo
698 4090 830 4162 leguntur
855 4107 1046 4163 quaecumque
1064 4092 1235 4148 liminiana
1259 4091 1393 4148 tribuunt
1429 4105 1464 4146 ea
1481 4105 1553 4161 quae
1570 4090 1737 4147 Flaviani
1756 4094 1869 4148 uomlna
1886 4108 1968 4164 psas·

295 4196 399 4265 scripto
417 4195 538 4248 citantur
555 4179 618 4248 eum
638 4191 757 4247 Gbnrlall
768 4195 922 4263 praeseptis
941 4193 999 4248 iera
1018 4196 1203 4249 consentiunt
1227 4209 1314 4264 qnare
1324 4199 1455 4263 excerpta
1466 4190 1604 4264 quaedam
1623 4189 1745 4249 Charisii
1763 4191 1832 4249 o'llm
1850 4200 1966 4264 propter
2022 4241 2026 4247 .

296 4294 383 4351 Flavii
406 4309 510 4350 nomen
536 4295 578 4350 sis
594 4294 724 4363 inscripta
747 4307 838 4364 enque
864 4295 977 4349 oomlne
1001 4294 1038 4348 ab
1063 4293 1243 4351 interioribus
1269 4295 1460 4365 grammaticis
1484 4302 1619 4365 usurpas
1632 4310 1696 4352 esse
1713 4294 1820 4350 sonuei
1838 4291 1966 4352 idern-i

296 4413 325 4468 p.
342 4394 405 4453 634.
421 4409 488 4449 nam
507 4410 570 4449 sum
589 4397 710 4466 antiquis
728 4395 916 4465 grammaticis
939 4394 1066 4465 pluribus
1085 4394 1154 4449 loeis
1179 4408 1282 4448 noman
1300 4393 1424 4450 Flaviani
1442 4396 1629 4466 oonlnngttus.
1666 4401 1766 4452 eontra
1782 4409 1855 4468 quaa
1872 4393 1968 4466 dispa-

296 4505 360 4552 tana
378 4495 408 4554 t.
428 4491 559 4551 titillatus
577 4495 669 4552 annal.
695 4493 791 4567 pbilol.
820 4510 898 4552 nor..
911 4509 938 4551 a.
958 4493 1027 4552 1666
1051 4511 1078 4565 p.
1096 4493 1147 4553 661
1168 4480 1330 4547 Fiavianam
1357 4493 1524 4566 magistrum
1544 4496 1623 4552 Pauli
1641 4496 1759 4553 Dlaeoni
1786 4511 1850 4553 ease
1867 4495 1966 4556 voluit

296 4599 391 4668 itaque
408 4597 498 4667 siquis
520 4595 564 4652 rel
581 4597 656 4652 buna
680 4596 773 4667 ipsum
794 4595 839 4651 rel
857 4595 940 4651 allum
964 4593 1104 4668 quendam
1124 4593 1289 4649 melmun
1317 4597 1400 4664 (uam
1418 4599 1549 4667 trequns
1567 4596 1655 4655 tulss'o
1672 4596 1742 4654 iilud
1760 4607 1870 4655 nomea'
1882 4604 1968 4655 aemd

296 4697 402 4767 aeaelt)
422 4694 543 4753 eluisti
567 4697 656 4753 libros
680 4698 855 4768 excerpsisse
881 4695 1003 4767 putabit,
1031 4710 1089 4785 non
1112 4693 1342 4785 oontsadioam:
1366 4695 1433 4752 mlii
1451 4698 1527 4752 enlm
1549 4690 1587 4753 e'x
1605 4713 1663 4769 qno
1681 4701 1759 4780 tenta
1776 4698 1903 4754 nem!
1921 4715 1971 4755 η.

297 4791 880 4890 msptsduetastntlndtesvtsusntnete
933 4793 957 4810 ’“
1005 4787 1011 4844 ,“
1088 4786 1092 4795 ’
1232 4785 1246 4814 ·’
1332 4792 1338 4815 ⁸
1460 4807 1464 4816 ·
1536 4799 1563 4820 ιι
1597 4792 1653 4818 ¹¹·
1775 4811 1781 4824 .

1490 5019 1497 5028 ο
