4342 5775
200 1110 411 1195 scriptorum
432 1108 532 1175 libros
552 1106 682 1173 8818188
703 1112 738 1172 81
757 1104 904 1169 studium
927 1104 1206 1188 latinae'linquee
1221 1107 1438 1189 propagatum
1459 1121 1536 1169 esse
1557 1109 1698 1170 constat.
1735 1110 1770 1171 et
1789 1104 1879 1173 88811

202 1220 349 1305 quidem
373 1239 474 1304 quam
491 1220 665 1304 diligenter
685 1222 835 1283 veterum
854 1217 1148 1299 grammaticorum
1165 1216 1263 1281 libros
1279 1216 1503 1301 tractmerint,
1523 1234 1591 1281 uon
1611 1216 1721 1284 solum
1744 1216 1878 1284 codices

203 1332 251 1397 ab
273 1332 319 1397 iis
341 1332 470 1418 scripti,
492 1348 574 1416 quos
597 1330 748 1395 homiues
769 1326 1003 1412 peregrinandi
1024 1326 1226 1411 cupidissimi
1250 1326 1386 1391 1881188
1406 1336 1512 1393 terras
1534 1346 1650 1394 secum
1671 1329 1878 1408 auferebant,

201 1443 267 1509 sed
291 1445 396 1510 etiam
418 1443 492 1509 libri
513 1441 709 1508 exitiorum
732 1440 917 1526 praeceptis
939 1438 983 1504 ab
1001 1440 1081 1524 ipsis
1103 1440 1279 1523 conpositi,
1299 1455 1440 1524 quorum
1462 1458 1530 1506 non
1550 1439 1660 1505 nullos
1682 1441 1769 1505 inira
1788 1457 1879 1506 conr·

202 1554 428 1639 memorabo,
461 1553 700 1633 ostendunt‘).
743 1552 832 1639 apud
859 1551 986 1635 anglos
1015 1555 1146 1633 autem,
1178 1567 1317 1635 quorum
1343 1551 1377 1616 in
1408 1550 1473 1616 trac
1503 1570 1542 1618 re
1570 1552 1719 1635 magbtri
1744 1553 1880 1617 iuerant

204 1664 320 1749 88811,
342 1667 404 1733 888
427 1668 527 1731 linem
547 1667 678 1752 septimi
700 1662 824 1730 saeculi
846 1661 1092 1728 Aldirelmua
1113 1662 1156 1728 da
1176 1666 1246 1726 arte
1264 1664 1402 1728 metrica
1422 1664 1470 1728 ita
1490 1663 1629 1749 88818811,
1651 1669 1703 1747 ut,
1724 1666 1879 1750 quamvis

205 1778 400 1844 commodis
421 1796 538 1845 eorum
567 1778 623 1864 qui
645 1794 761 1842 versus
783 1774 949 1840 iaciebant
969 1775 1123 1857 serviret,
1154 1779 1320 1840 18188881
1347 1784 1498 1841 veterum
1519 1777 1815 1861 grammaticorum
1836 1776 1880 1843 da
2014 1786 2020 1795 '

208 1894 287 1955 arte
310 1899 494 1976 praecepte
519 1894 714 1975 sequeretur
746 1892 821 1953 ete
851 1886 1017 1952 veteribus
1044 1888 1150 1971 poetis
1170 1887 1273 1971 petita
1297 1887 1454 1973 exempla
1475 1889 1681 1956 adscribmet
1696 1878 1769 1972 ”).
1810 1908 1879 1957 non

206 2000 319 2067 multo
342 2007 418 2087 post
438 2001 549 2068 Beda
580 2001 723 2085 antiquis
752 1998 942 2064 auctoribus
967 2017 1047 2063 usus
1069 1998 1113 2064 de
1143 2002 1216 2063 arte
1234 2000 1372 2064 metrica
1392 2005 1426 2064 et
1456 2000 1623 2067 rhetorica
1644 2007 1678 2067 et
1705 2002 1749 2069 de
1769 2004 1880 2071 ortiro·

207 2114 357 2200 graphia
377 2114 513 2199 scripsit
541 2114 662 2179 eodem
683 2118 835 2197 tempore
848 2110 1053 2176 Tatninus
1067 2112 1199 2177 Donato
1220 2116 1254 2175 et
1272 2111 1503 2194 interpretibus
1524 2113 1648 2179 Donati
1665 2102 1749 2180 ¹usus
1771 2114 1905 2181 artem

151 2296 156 2307 ¹
206 2224 253 2291 de
276 2229 355 2292 ocio
377 2227 525 2312 partibus
546 2226 706 2292 orationis
729 2225 874 2308 scripsit,
904 2224 996 2289 cuius
1017 2224 1145 2288 initium
1168 2237 1274 2307 nuper
1294 2222 1396 2288 edidit
1417 2223 1656 2291 Wilmannsius
1677 2243 1762 2292 mua.
1786 2226 1881 2294 risen.

207 2355 240 2405 a
265 2337 353 2407 1888
373 2358 405 2424 p·
430 2338 502 2407 8118.
534 2338 680 2423 denique
696 2336 900 2402 Boniiacii
921 2342 1015 2401 extat
1034 2336 1118 2401 liber
1137 2334 1181 2400 de
1200 2340 1275 2401 octo
1295 2335 1443 2421 partibus
1464 2337 1623 2402 cretionis
1646 2342 1681 2403 et
1703 2338 1881 2406 demetria

207 2450 405 2536 simpliciter
425 2458 460 2516 et
480 2451 552 2516 sine
574 2450 640 2515 ulla
660 2447 888 2515 reconditioris
910 2447 1081 2514 doctrinae
1102 2449 1227 2533 specie,
1254 2450 1340 2513 sicut
1359 2466 1439 2513 usna
1461 2448 1659 2515 discentium
1681 2452 1881 2537 requirebat,

209 2562 367 2646 scriptus,
388 2562 422 2627 in
445 2580 511 2648 quo
532 2580 601 2629 non
622 2562 731 2628 solum
744 2558 869 2626 Donati
889 2578 944 2624 ars
970 2566 1004 2626 et
1023 2562 1251 2627 commentarii
1270 2562 1304 2626 io
1320 2561 1490 2627 Donatum
1511 2567 1581 2627 tum
1598 2562 1698 2648 vulgo
1721 2566 1882 2650 usurpati,

211 2673 275 2740 scd
298 2674 440 2740 aliorum
462 2662 563 2741 etiem
584 2676 878 2759 grammaticorum
910 2672 984 2739 libri
1013 2673 1166 2758 adbibiti,
1198 2671 1378 2739 echarisii
1411 2691 1493 2740 vero
1524 2673 1615 2739 libris
1643 2676 1805 2761 conplura
1825 2676 1882 2743 de·

210 2786 339 2872 scripta
359 2786 539 2870 sonim).

152 2887 162 2897 ”
382 2900 519 2983 Ρ88188,
542 2919 618 2966 cum
641 2899 794 2987 auspiciis
816 2898 931 2964 Karoli
952 2899 1064 2983 biagni
1092 2898 1130 2991 in·
1147 2916 1249 2983 regno
1269 2899 1472 2964 Francorum
1494 2895 1657 2984 neglectis
1680 2909 1782 2967 antea
1801 2902 1882 2969 libe·

211 3009 336 3076 raiinm
370 3013 490 3078 artium
518 3012 632 3078 studiis
653 3028 744 3077 nove
771 3010 869 3076 sedes
891 3017 926 3076 et
945 3011 1075 3076 tinnum
1110 3011 1307 3096 praesidinm
1336 3019 1525 3095 pararettu,
1558 3011 1602 3078 ad
1623 3015 1912 3104 grammaticam·
2050 3034 2056 3041 ·

212 3121 424 3209 disciplinam
447 3125 501 3190 vei
521 3125 670 3190 maxime
691 3123 749 3188 ilie
768 3123 945 3204 industria,
967 3122 1010 3188 ad
1032 3141 1133 3207 quam
1155 3131 1223 3187 tum
1243 3125 1394 3190 homines
1415 3125 1665 3209 mutabantur,
1686 3126 1882 3210 pertinebat

213 3253 298 3300 nani
320 3235 516 3303 doctissimis
537 3237 615 3301 viria
644 3254 689 3301 ex
718 3236 872 3301 omnibus
900 3236 1109 3320 regionibns,
1140 3235 1312 3320 inquibus
1335 3241 1404 3301 tum
1424 3237 1555 3302 litterae
1575 3237 1788 3320 colebantur,
1826 3240 1884 3306 ad·

214 3333 366 3430 8888118,
397 3348 518 3414 sobolis
544 3350 688 3434 primunr
717 3349 751 3413 in
771 3347 898 3433 palatio
919 3349 1024 3432 regis,
1056 3363 1137 3412 mox
1156 3348 1190 3411 in
1212 3349 1418 3412 monasteriis
1440 3356 1474 3413 81
1494 3349 1629 3415 sedibus
1651 3353 1883 3438 episcoporum
1949 3429 1952 3432 Α

213 3459 372 3526 1881118118
393 3481 469 3527 cum
492 3463 600 3527 omnia
633 3460 777 3526 liberalis
798 3461 958 3526 institutio
988 3465 1057 3524 tum
1079 3441 1203 3524 latinae
1227 3459 1360 3543 liuguae
1382 3461 1521 3526 scicntia
1541 3464 1801 3548 888881888818
1821 3474 1884 3531 eat.

215 3575 363 3657 eumque
382 3575 492 3638 omnis
519 3575 591 3639 eiua
626 3575 744 3639 8818118
765 3570 905 3638 eruditio
936 3574 971 3638 in
992 3589 1033 3638 eo
1061 3577 1261 3654 versaretur,
1293 3579 1330 3638 nt
1350 3578 1445 3638 vetus
1467 3573 1698 3640 Romanorum
1720 3576 1885 3658 doctrina,

216 3701 307 3768 quae
329 3684 464 3770 quidem
497 3685 540 3751 ab
564 3689 735 3752 extremae
770 3685 974 3770 antiquitatis
1001 3684 1211 3769 scriptoribus
1237 3687 1270 3751 in
1297 3686 1516 3772 conpendium
1544 3686 1715 3771 quoddam
1745 3688 1886 3756 redacta

137 3969 144 3980 .
328 3927 359 3998 ⁸)
379 3927 423 3986 De
440 3927 538 3984 atndtis
557 3927 705 3984 Scotorum
724 3930 758 3983 81.
776 3929 960 3986 wattenbach
978 3927 1116 3984 88888881.
1134 3925 1238 3983 8188188.
1255 3945 1282 3983 8.
1300 3929 1363 3985 0118
1385 3946 1412 3984 8.
1431 3930 1541 3999 888811
1559 3948 1587 4008 8.
1604 3931 1641 3991 21
1661 3948 1722 4006 sqq.
1739 3933 1768 3990 L
1787 3934 1888 3991 1111188

216 4045 290 4085 mna.
310 4030 389 4085 rhen.
408 4045 435 4083 a.
455 4028 526 4087 1888
546 4043 574 4100 8.
592 4027 655 4087 887.
830 4013 835 4024 ’

210 4131 215 4142 ’
326 4131 375 4194 ”t
396 4128 535 4186 ltldbelml
559 4128 661 4184 librum
683 4129 816 4186 8888188
834 4129 962 4185 Palatino
981 4129 1051 4186 1788
1075 4126 1163 4184 edidit
1188 4126 1275 4183 llatae
1303 4128 1386 4186 81888.
1411 4131 1526 4185 888111
1555 4148 1582 4203 p.
1600 4133 1653 4191 boi
1679 4150 1740 4206 sqq.
1758 4135 1884 4192 8881888

217 4238 346 4286 88888818
362 4229 511 4302 descripsit
528 4229 726 4286 wilmannsins
750 4246 821 4286 1888.
844 4229 928 4286 rhea.
947 4247 972 4284 a
994 4229 1062 4288 1888
1080 4227 1187 4299 8181.
1221 4229 1321 4302 1881188
1345 4238 1492 4302 praeterea
1519 4233 1549 4286 18
1568 4233 1665 4291 888188
1689 4235 1888 4294 Valentiniana

218 4329 253 4384 Ι.
271 4329 298 4388 8
318 4331 353 4390 iii
370 4347 393 4386 a.
412 4331 450 4386 tx
470 4348 533 4387 cum
551 4331 677 4387 Palatino
696 4333 812 4388 omnino
829 4333 1029 4386 888888118818.
1051 4336 1144 4402 partes
1168 4330 1300 4401 quasdam
1318 4329 1384 4388 ilbrl
1402 4334 1486 4386 etiam
1512 4335 1632 4404 scriptae
1650 4337 1762 4392 888118
1780 4339 1879 4395 888188

180 4461 182 4466 -
219 4428 474 4487 781888818881.
494 4432 521 4489 7.
538 4431 555 4489 8
574 4448 597 4487 a.
615 4431 655 4488 lx
673 4440 700 4488 at
716 4434 745 4486 18
761 4431 947 4502 Neapolitano
965 4431 1050 4488 8888.
1066 4428 1106 4487 tv
1123 4429 1307 4489 881881.
1712 4435 1715 4440 '

329 4533 395 4600 ⁸⁸⁸)
415 4531 550 4589 888118811
581 4532 683 4588 libram
709 4532 745 4588 88
767 4541 832 4588 8818
857 4532 982 4604 partibas
1006 4533 1141 4587 888118818
1168 4548 1185 4588 8
1209 4531 1305 4588 888188
1324 4531 1453 4590 Ρ8181188
1479 4533 1547 4592 1718
1570 4534 1660 4590 edidit
1685 4535 1774 4593 iiaiaa
1801 4537 1876 4595 8888

219 4641 292 4688 8881.
312 4631 361 4688 1111
378 4649 406 4706 p.
423 4634 477 4692 178
496 4649 558 4707 aqq.
576 4649 614 4689 ax
630 4635 666 4690 iia
685 4649 756 4706 quac
774 4632 811 4687 88
831 4639 919 4688 artem
939 4633 1082 4688 metricam
1095 4633 1230 4704 pertinen
1246 4633 1384 4706 quaedam
1404 4650 1528 4708 888888
1545 4637 1643 4694 888188
1662 4635 1789 4694 88181188
1809 4640 1880 4699 1788

219 4731 309 4788 881811
326 4733 524 4792 Wilmannalna
544 4751 615 4790 maa.
635 4733 715 4791 rbaa.
735 4751 761 4790 a.
781 4733 853 4792 1888
880 4749 909 4805 p.
926 4732 989 4791 188.
1008 4731 1108 4788 cadam
1132 4749 1187 4789 888
1212 4732 1308 4791 888118
1325 4735 1459 4792 888118811
1474 4741 1591 4794 nomiae
1609 4757 1626 4796 e
1644 4735 1742 4796 8811188
1759 4739 1888 4796 waliae·

219 4831 364 4890 881181888
381 4833 458 4890 88118
474 4843 541 4891 8881
563 4835 600 4891 88
620 4833 795 4907 8888188888
820 4851 884 4890 ca·
903 4832 997 4889 1181118
1015 4831 1164 4890 Theodoro
1180 4849 1208 4907 p.
1223 4835 1275 4904 88,
1302 4838 1421 4908 88881118
1437 4853 1457 4891 8
1473 4837 1635 4896 (1818188818
1654 4843 1751 4912 script.
1772 4841 1830 4899 lat.
1849 4847 1895 4902 881·

219 4939 301 4991 matr.
321 4950 352 5009 8.
370 4935 434 4996 811.
585 4959 589 4966 ’
1446 4972 1449 4976 -
