4342 5775
283 1021 418 1107 recepit
440 1021 588 1085 omnium
612 1025 725 1087 sutem
747 1022 805 1107 qui
823 1021 980 1087 inferiore
1001 1027 1114 1089 aetate
1134 1022 1177 1089 de
1189 1021 1410 1105 grsmmsoca
1429 1025 1502 1087 sris
1519 1019 1725 1105 scripserunt
1743 1017 1845 1103 longe
1865 1018 1994 1103 irrep·
2134 1094 2140 1109 .

284 1132 430 1196 tissimus
458 1131 751 1216 irsitVergiiins
781 1151 804 1197 a
825 1133 913 1199 iiaio
943 1132 1039 1199 class
1068 1139 1155 1200 anm
1175 1132 1207 1200 V
1228 1154 1260 1219 p.
1281 1134 1302 1201 1
1323 1151 1396 1218 sqq.
1417 1131 1540 1215 editus,
1572 1131 1630 1217 qui
1650 1135 1748 1197 sexto
1769 1131 1987 1233 sspiimona

283 1242 420 1310 saeculo
452 1244 487 1309 in
509 1241 620 1309 Gallia
649 1244 773 1310 vixisse
802 1244 932 1309 videtur
945 1244 995 1325 *).
1030 1246 1173 1311 nanim
1193 1245 1239 1311 ds
1269 1244 1489 1331 grammatica
1521 1246 1595 1308 arie
1624 1243 1672 1307 its
1693 1242 1899 1327 disputavit,
1936 1245 1987 1307 ut
2014 1310 2052 1321 ..

285 1352 394 1436 potius
417 1352 560 1421 insulsas
574 1356 704 1423 rabulas
727 1374 828 1442 quarn
853 1372 968 1419 veram
989 1358 1068 1421 artis
1082 1359 1315 1423 tractationem
1335 1356 1518 1440 exhiberet
1539 1372 1650 1441 neque
1670 1355 1807 1421 oinnino
1829 1357 1985 1421 certam
2090 1428 2095 1437 ,

285 1461 493 1549 disciplinam
513 1472 548 1534 et
568 1470 733 1535 rationem
754 1467 944 1551 disputandi
967 1474 1100 1535 secutus
1122 1474 1183 1549 esi,
1203 1468 1263 1534 sed
1285 1467 1483 1553 pierumque
1503 1467 1547 1533 de
1567 1468 1802 1534 controversiis
1822 1466 1981 1552 quibus:

285 1574 384 1659 dam,
415 1596 498 1663 quas
521 1598 544 1644 a
564 1579 791 1664 grammaticis
817 1554 902 1645 suae
929 1582 1048 1646 aetatis
1080 1585 1238 1649 beessus
1265 1597 1342 1645 esse
1370 1580 1431 1661 uit,
1461 1577 1626 1659 dissermi.
1645 1580 1680 1644 in
1703 1579 1822 1665 quibus
1842 1578 1982 1645 ommia

284 1687 368 1753 lictis
390 1678 514 1756 ‘tabuiis
544 1692 730 1757 contexuit:
762 1690 855 1755 velut
882 1692 916 1755 in
938 1696 1009 1758 tois
1029 1690 1166 1779 Europa
1185 1692 1271 1758 duas
1292 1709 1369 1757 esse
1387 1690 1537 1774 scholas,
1566 1691 1715 1758 Terentii
1734 1695 1770 1757 ei
1789 1689 1980 1775 Galbnngi
2024 1720 2031 1730 ·

284 1819 317 1884 p.
341 1799 377 1883 b,
401 1800 462 1867 bos
485 1801 749 1888 quattuordecim
770 1802 888 1869 diebus
909 1804 1114 1890 totidemque
1134 1806 1286 1871 noctibus
1318 1806 1353 1869 in
1375 1806 1586 1870 contentione
1607 1803 1773 1870 mansisse
1792 1802 1837 1869 de
1857 1820 1976 1870 voca·

285 1913 353 1978 tivo
376 1914 581 1997 pronominis
604 1931 668 1999 ego
690 1912 792 1998 p243
813 1916 894 1980 item
915 1915 958 1982 de
978 1917 1093 1983 lormis
1114 1918 1292 1984 verborum
1313 1918 1399 1982 inter
1412 1915 1579 2001 Regnslnm
1601 1905 1841 2001 Cappadocum
1862 1918 2002 1998 (Gap-o

277 2028 432 2105 podorem
452 2025 537 2106 ilai)
563 2032 597 2091 ei
618 2026 791 2093 Sedulium
814 2027 1003 2094 &manum
1026 2028 1214 2114 quindecim
1236 2029 1387 2095 noctibus
1408 2028 1545 2095 totidem
1566 2026 1732 2112 simulque
1751 2024 1869 2093 diebus
1888 2044 1974 2093 nom

285 2137 457 2203 minimam
480 2140 712 2225 quaestionem
740 2141 888 2206 habitam
911 2158 1003 2221 esse,
1035 2160 1124 2227 quse
1143 2141 1315 2227 usquead
1337 2140 1525 2225 gladiorum
1545 2157 1656 2225 paena
1676 2138 1865 2205 mollicium
1885 2157 1972 2225 per·

286 2250 415 2315 venerit
436 2271 468 2336 p.
488 2250 546 2329 45;
568 2250 611 2318 de
630 2251 867 2337 explanatione
887 2254 981 2319 verbi
1001 2254 1142 2319 concilia
1163 2254 1252 2341 apud
1272 2254 1446 2320 Romanoa
1466 2253 1583 2319 habits
1602 2269 1695 2331 esse,
1721 2250 1972 2335 quibusmnlii

287 2365 322 2427 ei
352 2361 563 2427 famosissimi
588 2365 810 2448 praebuissent
837 2367 915 2448 viri,
949 2384 1033 2451 quos
1061 2368 1259 2432 nominatim
1291 2365 1438 2452 appellat
1457 2386 1489 2450 p
1509 2364 1561 2434 37.
1604 2362 1647 2429 ds
1675 2362 1823 2449 plurimis
1844 2368 1994 2431 sutem

286 2474 544 2557 quaestionibus
566 2494 650 2561 quas
666 2482 797 2562 uacui,
818 2497 856 2544 se
877 2480 1061 2544 institutum
1083 2497 1159 2546 esse
1179 2479 1292 2545 scribit
1311 2479 1354 2544 ab
1371 2479 1500 2558 Aenea,
1522 2481 1742 2562 praeceptore
1763 2492 1836 2557 suo,
1857 2493 1969 2583 quem

286 2603 389 2670 saepe
409 2586 563 2652 laudibus
585 2587 697 2673 edert3
725 2590 769 2655 de
791 2592 863 2656 aliis
885 2581 1067 2676 praecepta
1087 2592 1181 2678 ponit
1199 2589 1332 2657 liitterii
1352 2589 1525 2656 cuiusdam
1545 2589 1756 2685 spaniensis,
1784 2604 1887 2672 qnam
1907 2605 1966 2655 se-

286 2716 365 2763 nem
389 2704 490 2765 noctu
521 2699 565 2765 sd
589 2718 686 2765 suam
719 2702 858 2769 domum
879 2706 1012 2769 venisse
1034 2711 1068 2769 et
1087 2703 1229 2789 bospitio
1261 2711 1431 2789 receptum
1460 2702 1680 2788 interroganti
1700 2698 1763 2766 sibi
1793 2699 1839 2765 de
1858 2700 1966 2766 sebna

287 2810 485 2876 difficillimis
502 2814 714 2898 respondisse
734 2815 848 2880 scribit
867 2836 898 2904 p.
917 2815 959 2883 12
979 2834 1051 2903 sqq.
1074 2815 1160 2883 baec
1179 2816 1279 2901 igitur
1300 2816 1415 2882 omnia
1435 2819 1470 2880 et
1490 2815 1556 2879 aiia
1579 2812 1730 2880 eiusdem
1751 2813 1895 2899 genen's,
1914 2830 1966 2880 na
2031 2826 2036 2833 ’

285 2923 383 3010 plura
404 2925 572 3008 adieram,
593 2931 629 2990 ut
648 2926 728 2992 licta
748 2932 826 2992 suni
846 2927 935 2994 haud
957 2929 1072 3013 dubie,
1100 2930 1148 2994 iia
1166 2947 1212 2995 ne
1232 2929 1314 3014 iingi
1334 2928 1469 3015 quidem
1492 2932 1688 3014 potuerunt,
1708 2926 1772 2991 nisi
1791 2931 1862 2991 trum
1883 2947 1965 2995 cum
1993 2931 2003 2956 ¹

286 3035 453 3122 Vergilius
473 3038 605 3122 scripsit
623 3037 761 3105 scholae
781 3044 1095 3125 grammaticorum,
1116 3045 1150 3109 in
1171 3043 1291 3130 quibus
1311 3041 1356 3107 dc
1376 3041 1472 3106 huius
1493 3039 1585 3105 modi
1599 3039 1832 3105 controversiis
1853 3040 1967 3126 dispu-

286 3150 439 3231 tabatur,
472 3149 619 3218 luissent.
642 3152 778 3219 saniore
798 3152 919 3220 iudicio
941 3155 992 3220 usi
1025 3161 1103 3219 sunt
1127 3157 1184 3240 qui
1213 3157 1248 3219 in
1268 3154 1431 3240 Hispania
1458 3153 1602 3238 septimo
1630 3149 1767 3217 saeculo
1788 3149 1833 3216 de
1851 3135 1978 3238 grana·⁴

287 3265 411 3328 metica
437 3267 511 3328 arie
538 3264 761 3348 scripserunt,
793 3265 980 3332 Isidorus
1002 3265 1209 3353 Hispalensis
1243 3275 1279 3334 et
1297 3263 1486 3332 lulianus
1507 3263 1700 3330 Toletanus.
1734 3263 1794 3330 sed
1813 3265 1850 3328 in
1869 3265 1965 3333 nulla

286 3375 425 3459 regione
458 3377 561 3459 magis
589 3375 676 3443 haec
696 3378 807 3443 studia
832 3379 888 3445 iilo
922 3391 1073 3464 tempore
1100 3380 1296 3461 floruerunt,
1327 3396 1428 3464 quam
1460 3377 1549 3463 apud
1570 3375 1737 3443 Hibernos
1758 3375 1813 3442 vel
1831 3375 1963 3464 smus,

288 3492 326 3552 nt
346 3495 417 3551 tum
438 3486 648 3573 dicebantur,
670 3495 705 3554 et
725 3488 868 3574 clugies,
901 3491 946 3557 ad
969 3509 1053 3576 quos
1074 3511 1240 3558 unacum
1275 3491 1455 3558 christiana
1482 3489 1645 3574 religione
1676 3493 1710 3554 et
1731 3487 1961 3556 Romanorum

414 3729 446 3803 ')
465 3730 578 3808 Gallum
612 3750 644 3790 ss
669 3750 733 3791 assa
759 3735 873 3805 saepius
898 3735 960 3805 ipss
990 3735 1130 3807 Vergilius
1154 3735 1336 3807 significarim
1364 3733 1538 3790 Tolosanum
1571 3730 1644 3786 dixit
1667 3730 1750 3788 abbo
1775 3731 1961 3790 nonacensis

289 3831 372 3890 class.
391 3839 464 3890 anst
484 3833 528 3890 ad.
546 3833 640 3892 iistv
654 3835 756 3906 psis.
780 3834 815 3891 de
833 3841 925 3892 uisis
939 3841 1043 3904 antem,
1061 3847 1195 3909 quaninm
1206 3836 1320 3910 qnidam
1339 3836 1456 3891 indicari
1474 3839 1569 3906 potest
1585 3835 1615 3887 in
1633 3832 1708 3888 libro
1724 3848 1817 3888 raram
1834 3833 1961 3892 seusu

289 3933 383 4007 plano,
400 3933 576 4005 postliainm
587 3935 605 3992 Ι.
616 3951 641 3991 c.
659 3951 686 4008 p.
697 3935 737 3992 ill
751 3943 827 3992 racis
844 3941 941 3994 statuit
951 3937 1070 3993 liaasins
1090 3936 1382 3995 comedamus
1399 3935 1498 4009 pisiiol.
1516 3934 1574 4008 μθ
1592 3943 1720 4006 atnnpsr
1728 3932 1869 3991 Usansrss
1890 3951 1961 3994 maa

288 4036 368 4091 siren.
386 4052 412 4091 a.
434 4035 502 4094 1868
520 4052 545 4107 p·
556 4037 618 4094 sol.
642 4052 777 4109 psrrsrso
795 4039 871 4093 anim
889 4038 992 4095 indicio
1011 4038 1110 4095 ductus
1124 4039 1254 4095 Οιιιιιιιιι
1268 4039 1353 4096 suu.
1370 4055 1394 4093 a.
1412 4037 1518 4108 griseis.
1530 4053 1558 4092 n.
1578 4040 1649 4091 rom.
1667 4034 1750 4106 nug.
1761 4032 1824 4107 np.
1838 4036 1888 4094 tie
1899 4053 1961 4110 sgq.

289 4151 355 4191 cnm
374 4111 491 4206 propter
509 4135 616 4193 Sednlii
643 4154 747 4193 noman
776 4153 863 4210 snpra
880 4147 1147 4207 commemoratam,
1176 4140 1252 4212 qnod
1271 4140 1306 4194 ad
1335 4138 1449 4195 Scotum
1467 4135 1613 4193 Sadalinm
1634 4137 1774 4208 periinere
1790 4135 1964 4194 conidsniar

290 4239 498 4308 pronuntiavit,
528 4245 585 4293 inm
605 4241 672 4311 qnia
691 4239 763 4293 dctis
782 4241 950 4309 scriptorum
975 4242 1136 4297 nominibus
1153 4240 1253 4297 Karoli
1270 4241 1365 4312 llagni
1383 4239 1516 4312 aequales
1534 4237 1686 4308 significari
1704 4235 1757 4292 sibl
1776 4246 1963 4309 pas-sm
2064 4310 2068 4316 Ι

291 4353 369 4393 nono
386 4337 500 4394 saeculo
518 4339 592 4394 bunc
610 4340 827 4409 grammaticum
852 4339 1020 4411 adsignauit.
1057 4344 1188 4398 nimirum
1205 4341 1290 4398 buius
1308 4343 1409 4396 astaus
1427 4337 1522 4394 studia
1542 4338 1644 4394 iabnlis
1662 4336 1779 4410 Vergilii
1796 4341 1896 4396 moni
1912 4355 1963 4413 pa·

291 4441 377 4495 tabat.
412 4441 501 4495 immo
521 4445 587 4495 ants
603 4439 791 4496 saluberrima
810 4437 908 4495 llaroii
928 4441 1020 4514 iiagni
1039 4441 1165 4500 instituta
1182 4459 1266 4514 quam
1284 4443 1373 4498 tristu
1390 4441 1545 4497 litterarum
1565 4439 1695 4494 condicio
1711 4440 1740 4493 la
1758 4434 1853 4494 Gallia
1870 4442 1978 4514 {barm

291 4542 428 4595 immania
445 4541 622 4612 grammatici
648 4547 809 4596 commenta
826 4540 986 4599 ostsndnni.
1021 4550 1142 4600 csismm
1171 4552 1283 4614 praeter
1304 4542 1416 4599 codices
1433 4559 1452 4597 a
1468 4543 1542 4597 laio
1570 4547 1720 4612 usurpatos
1738 4537 1885 4614 epitomae
1899 4541 1963 4599 iar·
2029 4567 2033 4576 ·
2140 4594 2141 4609 ,

293 4641 355 4713 gilii
374 4640 507 4714 leguntur
523 4643 554 4695 in
570 4639 667 4697 codice
685 4641 923 4712 Sangsrmansnsi
938 4643 1008 4702 1188
1025 4660 1049 4700 s
1067 4645 1106 4700 lx
1124 4647 1143 4702 l.
1164 4644 1285 4713 11—40,
1306 4643 1433 4698 lanais
1453 4644 1557 4712 tinguit
1575 4643 1725 4695 artium
1740 4643 1890 4711 apim
1903 4644 1963 4703 'llis

291 4739 389 4812 prisia
406 4743 441 4796 ds
457 4757 493 4794 aa
474 4744 605 4810 Mylantia
626 4741 691 4797 isis
709 4757 770 4814 sqq.
791 4741 834 4813 (p
847 4742 883 4801 98
901 4743 944 4799 ad.
957 4743 1034 4813 uass,
1051 4751 1080 4801 si
1096 4753 1229 4817 stampis
1246 4745 1431 4818 epitomarnm
1448 4744 1478 4798 in
1497 4741 1594 4800 codiee
1605 4739 1849 4812 ilontspsasnlano
1865 4743 1921 4804 ³00
1936 4761 1962 4802 a.

293 4839 333 4898 11
351 4843 369 4896 t
388 4841 458 4899 32-
461 4841 504 4910 34,
522 4839 694 4908 &tenutas
711 4855 868 4896 samaeas
884 4847 1943 4915 aestimamini.
