4342 5775
193 997 391 1083 scriptione
409 1002 514 1079 clepit
535 1002 735 1078 wtomcptic
757 1002 860 1063 Albini
879 960 1026 1077 manniri.
1057 1002 1092 1065 in
1120 1001 1237 1066 codice
1259 1004 1372 1066 autem
1394 999 1675 1084 Sangermcnensi
1696 999 1781 1068 1447
1802 1018 1827 1065 s;
1849 996 1885 1064 X

195 1110 219 1175 t
243 1108 291 1178 93
314 1111 351 1176 ui
377 1112 570 1197 praescripti
590 1116 667 1176 sunl
689 1128 814 1183 nereus
841 1110 883 1175 ad
906 1108 1068 1177 Karolnm
1091 1129 1224 1196 regem,
1260 1129 1344 1197 quot
1376 1112 1456 1196 quia
1483 1129 1559 1176 cum
1579 1110 1664 1177 libro
1686 1112 1793 1178 aditos
1815 1127 1884 1176 non

196 1215 365 1296 invenio,
387 1236 451 1289 nec
471 1222 540 1287 scio
560 1242 641 1287 num
662 1223 729 1289 alio
750 1222 826 1289 loco
847 1221 926 1288 editi
947 1222 1030 1303 sint,
1051 1224 1106 1290 hic
1127 1223 1273 1291 exhibui
1632 1234 1637 1241 ’

548 1363 728 1449 Splendida
750 1362 829 1428 dnm
850 1364 964 1428 rutilat
983 1365 1090 1431 roseis
1112 1383 1237 1430 aurora
1258 1362 1436 1449 quadrigis-
1477 1368 1482 1377 '

517 1531 522 1540 ,
589 1462 790 1550 perfundens
812 1462 950 1549 pelagus
972 1462 1048 1530 lnce
1070 1484 1161 1531 nova
1182 1462 1356 1549 liquidnm,
1396 1493 1400 1499 ,
1458 1480 1462 1486 ·
1576 1484 1615 1500 ··

548 1562 679 1629 discutit
699 1581 744 1627 ex
764 1562 868 1629 oculis
890 1568 1071 1630 nocturnos
1093 1564 1213 1651 pollice
1235 1580 1391 1644 somnos,

590 1682 671 1727 mox
692 1664 804 1729 senior
823 1668 927 1729 stratu
949 1663 1078 1747 prosilit
1097 1666 1170 1749 ipse
1192 1665 1266 1745 suo,

403 1816 407 1827 .
550 1762 582 1827 in
603 1780 742 1849 campos
763 1767 912 1828 veterum
934 1781 1136 1847 procurrens
1157 1780 1298 1849 carpere
1317 1763 1428 1846 liores,
1491 1818 1495 1826 .

590 1864 790 1949 rectiloqnos
810 1861 906 1927 ludos
928 1867 1094 1947 pangeret
1114 1867 1150 1927 ut
1170 1864 1298 1947 pueris:

547 1981 631 2046 quoe
653 1963 710 2028 tibi
731 1962 834 2027 dulcis
856 1980 972 2038 amor,
994 1962 1105 2028 David
1128 1962 1314 2029 clarissime
1336 1961 1466 2041 consul,

594 2062 727 2144 obtulit,
749 2066 785 2125 ut
806 2063 911 2146 pietas
933 2067 1047 2127 vestra
1067 2064 1228 2147 probaret
1246 2079 1317 2143 aot,
1589 2142 1593 2148 ,

550 2164 683 2229 tradere
703 2163 776 2227 inm.
790 2163 900 2247 pueris
921 2162 1041 2228 tierent
1060 2162 1090 2227 si
1112 2163 1223 2229 iudice
1244 2161 1335 2247 digni
1467 2168 1470 2172 ’

591 2269 625 2329 te
647 2262 747 2329 decus
769 2282 789 2329 o
810 2262 950 2349 sophiae
974 2262 1122 2329 condere
1142 2262 1245 2330 corde
1265 2264 1342 2327 tnir.

551 2367 585 2427 tn
608 2362 768 2445 deiende,
789 2379 924 2447 precor,
944 2362 1043 2428 solita
1063 2363 1190 2449 piciclo
1208 2358 1362 2449 poeta'ru,

514 2502 516 2507 -
595 2464 652 2549 qui
674 2462 796 2529 direxit
816 2480 923 2527 ovans
946 2478 1090 2526 nlunara
1109 2481 1216 2547 parra
1236 2463 1312 2528 tibi.-

550 2569 631 2628 snnt
652 2562 807 2647 equidem
829 2562 941 2648 plures
961 2564 1099 2648 cupiunt
1119 2564 1175 2648 qui
1196 2580 1339 2647 carpere
1358 2560 1449 2627 dicta
1532 2592 1553 2609 -·

593 2666 726 2749 saepius
748 2663 902 2745 alterins,
923 2680 1026 2748 quarn
1046 2681 1111 2727 sua
1131 2662 1219 2727 terre
1240 2662 1341 2742 iores,

553 2763 586 2827 iu
608 2764 673 2830 lroc
693 2780 731 2827 se
752 2762 860 2827 studio
882 2763 1051 2847 sapientes
1073 2780 1150 2828 esse
1170 2766 1340 2847 putantes,

595 2868 748 2930 vatorum
770 2860 904 2928 valeant
925 2863 954 2928 si
974 2862 1149 2930 macnlsre
1170 2861 1289 2928 nudor.

554 2963 673 3029 talibus
694 2970 847 3029 occurrat
867 2970 942 3045 tua,
964 2982 1044 3046 rex,
1066 2962 1362 3047 sapientia'divea,
1452 3000 1456 3007 =

519 3119 524 3126 ,
596 3063 778 3130 defendens
801 3063 910 3129 Flacci
932 3063 1081 3148 paucula
1102 3062 1191 3128 dicta
1211 3063 1312 3144 senia

551 3163 617 3227 sint
635 3165 735 3249 patris
757 3163 880 3229 Entelli
901 3181 1070 3230 memores
1091 3164 1288 3248 iuvenisque
1310 3160 1452 3246 Daretis,

595 3280 638 3329 ne
659 3263 733 3328 laus
754 3283 854 3348 quam
877 3269 1044 3350 quaerunt
1065 3261 1221 3328 detrahat
1241 3265 1316 3349 ipsa
1336 3263 1467 3348 magia*

551 3361 689 3447 impleat
709 3366 853 3430 aeternis
875 3361 995 3430 Christi
1017 3367 1051 3428 ta
1072 3363 1182 3444 gratia
1202 3362 1316 3429 donn:
1552 3364 1555 3372 '

597 3482 618 3528 o
639 3463 714 3528 laus
735 3469 837 3550 atque
858 3463 982 3548 decus,
1003 3480 1083 3545 rex,
1105 3463 1178 3528 sine
1199 3464 1267 3528 line
1287 3462 1375 3528 vale.

352 3567 422 3626 cod
440 3572 525 3645 Sanq.
561 3576 721 3632 dneterenr
739 3591 814 3633 corr.
835 3583 872 3632 rt.
892 3595 927 3632 ιιι.
947 3585 1073 3632 ueterum
1130 3578 1165 3634 10
1183 3575 1262 3632 cordi
1279 3591 1348 3630 corr
1375 3579 1413 3630 ri.
1431 3591 1467 3631 ιι.
1484 3574 1569 3631 corde
1640 3575 1673 3630 11
1692 3573 1797 3645 pictate
1813 3585 1891 3625 corr.

217 3667 256 3718 nt.
276 3679 312 3718 ιι.
330 3667 432 3735 pietate
488 3665 521 3723 1³
539 3668 747 3737 rapiuntrorr.
764 3671 801 3721 aet.
820 3683 855 3722 ss.
874 3669 990 3738 cupiunt
1063 3666 1099 3722 tt
1117 3682 1202 3737 saepe
1272 3667 1311 3724 to
1327 3671 1392 3738 qni.
1411 3681 1472 3737 q.r
1553 3675 1566 3694 “

351 3771 354 3780 ¹
386 3797 526 3864 Praeter
553 3799 614 3864 hos
635 3797 736 3865 libros
766 3805 877 3865 autem
914 3801 1050 3866 nomine
1071 3800 1183 3865 Albini
1213 3802 1389 3886 inscriptus
1421 3806 1473 3864 ast
1492 3796 1750 3865 commentarius
1771 3794 1806 3860 in
1828 3793 1894 3860 Pri·

217 3910 324 3974 tciani
344 3909 448 3977 libros
468 3910 614 3977 sedecim
637 3911 858 3998 amplissimus
881 3919 916 3976 et
935 3913 971 3976 in
992 3911 1077 3978 dnos
1108 3912 1210 3977 libros
1231 3912 1373 3993 cliviam,
1401 3913 1459 3999 qui
1477 3910 1598 3996 legitur
1624 3911 1658 3976 in
1679 3908 1783 3975 tribua
1804 3907 1893 3975 eodi-

219 4021 313 4088 cibus
335 4021 575 4088 Valentinianis
596 4022 727 4089 decimo
745 4023 799 4088 vel
821 4041 910 4089 nouo
933 4024 1069 4090 saeculo
1091 4025 1243 4108 scriptis‚'
1263 4025 1306 4090 li
1321 4025 1352 4094 7.
1373 4029 1393 4092 3
1412 4023 1603 4110 praemissis
1626 4022 1799 4106 utriusque
1820 4019 1892 4086 libri

218 4133 371 4218 capitulis
393 4137 496 4198 Altini
516 4139 546 4200 itt
567 4137 755 4201 Priscianum
787 4141 893 4217 incipit
914 4140 990 4201 liber
1011 4141 1141 4217 primur.
1185 4139 1322 4213 Definitio
1343 4139 1492 4201 cretionis
1520 4137 1645 4214 etquid
1673 4140 1715 4197 stt
1728 4139 1892 4214 propriant

218 4249 349 4310 cornicis
376 4249 452 4327 quid
478 4249 570 4311 nerii.
616 4249 721 4342 Oratio
748 4256 794 4311 ert
820 4253 974 4314 ordinatio
1007 4252 1172 4312 dictionum
1200 4268 1367 4327 women
1391 4251 1567 4312 coutentium
1591 4247 1821 4326 perfectamque
1841 4247 1894 4308 de·

218 4368 395 4422 acescens
417 4393 456 4406 -
478 4358 539 4438 (ds
569 4360 818 4441 coniunctione)
851 4379 948 4440 neque
980 4381 1070 4425 unum
1101 4379 1200 4425 esrem
1228 4370 1370 4441 mcertut
1400 4365 1449 4424 tlte
1474 4363 1574 4439 spreti
1598 4376 1657 4423 nec
1683 4359 1736 4423 ltin
1762 4358 1896 4435 sinaut

216 4475 333 4549 petenti
351 4473 473 4550 aliquid,
483 4489 617 4551 prorsus
637 4475 720 4550 quod
736 4482 836 4552 potest
855 4482 886 4537 et
905 4477 1007 4555 deret,
1026 4478 1062 4538 et
1081 4475 1207 4538 omisso
1226 4472 1334 4538 Albini
1357 4473 1492 4538 nomine
1511 4471 1555 4538 tt
1576 4470 1607 4540 a
1628 4467 1650 4539 9
1670 4475 1706 4537 et
1724 4468 1768 4534 lt.
1787 4463 1818 4535 d.
1841 4464 1893 4535 19.

79 4585 89 4593 “
222 4585 331 4646 artem
360 4581 560 4649 rhetoricam
581 4582 691 4649 Albini
721 4583 764 4649 ab
785 4582 919 4650 Halmio
948 4583 1072 4649 editum
1094 4584 1174 4650 rhet
1207 4586 1262 4650 lat.
1284 4605 1317 4670 p.
1338 4583 1401 4652 52³
1422 4602 1494 4670 sqq.
1516 4587 1650 4670 praeter
1670 4588 1738 4681 tres
1759 4578 1894 4647 codices

219 4691 442 4760 llonacenres
471 4694 514 4760 sb
541 4693 611 4778 ilio⁵
627 4693 791 4762 adhibitos
823 4697 970 4762 eontinet
996 4695 1107 4763 codex
1128 4697 1382 4763 valentiniensis
1401 4695 1442 4762 ii.
1463 4699 1495 4762 l.
1514 4695 1557 4764 id
1584 4714 1611 4761 s.
1631 4693 1665 4760 X
1687 4699 1723 4761 et
1741 4694 1814 4761 sine
1834 4709 1894 4760 no·

77 4861 80 4870 .
174 4807 176 4812 '
221 4803 313 4869 mine
334 4806 480 4872 auctorit
501 4803 727 4890 Sangallenslt
747 4804 812 4876 818
831 4823 858 4873 a.
879 4803 923 4872 Χ.
1216 4778 1228 4798 ’
1997 4787 2001 4792 ’
