4342 5775
146 1476 151 1487 ,
198 1398 221 1465 δ
263 1410 479 1491 barbarismi,
499 1410 699 1493 soloecismi,
722 1416 834 1475 cetera
847 1412 936 1487 sitia,
961 1409 1184 1494 metaplasmi,
1205 1416 1365 1493 ammata,
1386 1413 1483 1495 tropi,
1504 1428 1621 1495 prosa,
1641 1416 1770 1495 metra,
1791 1410 1938 1495 tabulae,
1961 1438 1979 1453 ··
2119 1404 2126 1412 ’

119 4825 143 4874 tt

946 768 1197 937 ²II,

262 1010 344 1097 quid
373 1014 447 1077 est'l
487 1010 522 1076 tt
543 1011 702 1078 Erromm
730 1017 764 1078 et
791 1011 1024 1095 figmentorum
1057 1011 1283 1099 reprehensio.
1323 1017 1355 1077 A
1373 1010 1534 1077 Iudicium
1563 1011 1641 1096 quid
1674 1013 1748 1081 esti
1791 1014 1824 1079 ll
1845 1015 1941 1081 Bene

248 1110 427 1195 ⁸dictorum
451 1111 764 1197 comprobatio.„A
783 1108 872 1195 Quot
898 1115 977 1177 sunt
997 1111 1177 1176 divisiones
1197 1112 1438 1195 grammaticae
1459 1112 1562 1177 ertu?
1602 1112 1644 1177 tt
1664 1110 1764 1177 XXX
1783 1113 1939 1181 videlicet

262 1228 288 1275 a
307 1210 505 1294 quibusdam
528 1211 789 1291 dinumerantur,
809 1210 844 1275 id
865 1215 918 1276 est
937 1215 1050 1295 partes
1072 1214 1232 1277 orationis
1254 1208 1342 1293 VIII,
1362 1228 1430 1276 vox
1451 1211 1635 1295 artIculata,
1657 1212 1776 1295 littera,
1796 1212 1940 1297 syllaba,

262 1310 378 1394 pedes,
400 1317 568 1391 accentus,
589 1313 769 1395 positurae,
791 1316 900 1391 notae,
919 1310 1110 1394 ortografla,
1134 1312 1305 1395 analogia,
1326 1310 1550 1396 ethimologia
1572 1312 1698 1396 glocca,
1719 1310 1939 1395 differentiae,

262 1509 431 1575 historiae
464 1510 563 1575 dictio
585 1528 682 1593 vero,
704 1512 825 1590 oratio,
846 1510 993 1575 diffinitio
1014 1510 1102 1573 inter
1123 1510 1184 1574 has
1198 1509 1377 1575 divisiones
1398 1511 1441 1576 ab
1462 1511 1535 1575 aliis
1557 1517 1784 1579 numerantur.
1810 1517 1842 1577 A
1860 1508 1939 1597 Quo

262 1609 364 1675 modo
382 1611 654 1695 uniuscuiusque
670 1609 838 1675 divisionis
859 1608 902 1675 de
918 1608 1096 1695 praedictis
1113 1610 1354 1692 grammaticae
1374 1611 1453 1675 artis
1464 1610 1638 1695 speciebus
1652 1613 1838 1700 proprietas
1860 1629 1938 1695 cog·

262 1706 435 1775 noscitur?
475 1715 521 1776 M
536 1709 595 1775 Ita
617 1728 701 1791 vox,
731 1727 753 1774 a
774 1729 842 1794 qua
861 1711 1157 1793 grammaticorum
1178 1728 1232 1773 ars
1254 1710 1403 1794 Inchoat,
1431 1714 1489 1776 aar
1510 1716 1562 1776 ast
1582 1712 1811 1795 tenuissimus,
1832 1729 1936 1777 sonus

262 1808 419 1874 videlicet
439 1808 621 1890 sensibiIis,
652 1811 710 1894 qui
730 1811 863 1895 proprie
883 1809 1018 1874 auribus
1040 1808 1168 1873 accidit
1211 1809 1321 1875 littera
1341 1828 1421 1876 varo
1441 1828 1521 1896 pars
1541 1816 1594 1878 est
1613 1812 1751 1877 minima
1771 1813 1865 1877 voela
1887 1830 1938 1876 ar·

200 1902 245 1971 10
263 1906 437 1991 hcnIatae,
470 1927 560 1993 quae
587 1911 651 1975 iter
683 1910 726 1974 ad
757 1910 935 1993 legendum
968 1908 1170 1974 discentibus
1195 1909 1343 1994 praebet
1384 1910 1516 1993 syllaba
1541 1918 1593 1976 est
1620 1910 1862 1996 conprehensio
1888 1910 1938 1976 lit·
2056 1949 2059 1955 -

179 2074 182 2079 .
262 2008 740 2086 immurmuraverat
763 2010 944 2074 enuntiatio
967 2004 1025 2097 [et]
1045 2013 1231 2093 temporum
1255 2027 1374 2093 capax.
1397 2008 1494 2075 dictio
1516 2029 1594 2095 pars
1615 2012 1754 2075 minima
1774 2019 1826 2075 est
1845 2012 1939 2077 vocis

264 2114 476 2175 constructae
497 2108 703 2194 plenumque
722 2127 856 2175 sensnm
879 2110 1039 2174 habentis.
1072 2111 1179 2175 oratio
1200 2114 1253 2174 est
1273 2108 1435 2174 ordinatio
1456 2109 1634 2175 dictionum
1656 2126 1842 2194 congruam
1863 2127 1939 2176 sen·

265 2210 403 2275 tentiam
437 2210 687 2296 perlectumque
715 2209 965 2290 demonstrans,
997 2214 1032 2275 et
1058 2210 1237 2275 estoratio
1259 2208 1349 2275 diota
1375 2211 1559 2294 quaciaria
1580 2212 1674 2276 ratio.
1717 2210 1866 2276 diffinib'o
1887 2217 1941 2277 est

263 2310 374 2375 brevis
396 2311 504 2375 oratio
539 2328 640 2374 uuam
665 2327 834 2395 quamque
859 2326 930 2373 rem
952 2311 1090 2397 propria
1109 2310 1349 2392 significatione
1375 2309 1594 2392 concludens,
1623 2317 1660 2374 ut
1678 2310 1791 2376 ‘homo
1812 2309 1938 2376 animal
2061 2330 2069 2344 ·

203 2406 244 2473 15
267 2415 320 2474 est
340 2410 483 2475 mortale
503 2408 666 2475 rationale
688 2411 772 2473 risus
800 2408 927 2494 capax’.
969 2409 1029 2475 sed
1063 2409 1129 2475 hoc
1154 2409 1349 2474 intuendum
1369 2413 1435 2491 est,
1467 2409 1558 2494 quod
1578 2409 1725 2475 diffinitio
1753 2410 1798 2475 ad
1819 2429 1938 2477 omnes
1988 2450 2005 2464 ·-

263 2507 455 2593 disciplinae
478 2514 512 2574 at
532 2526 585 2573 res
608 2510 759 2593 pertinet
786 2525 846 2593 pes
868 2514 919 2574 est
939 2509 1145 2593 syllabarum
1166 2511 1361 2593 compositio
1384 2514 1419 2572 et
1437 2514 1623 2593 temporum
1644 2514 1738 2575 certa
1757 2510 1938 2596 dimensio;

261 2609 365 2693 pedes
386 2609 464 2674 dicti
485 2626 546 2695 eo,
581 2609 671 2693 quod
692 2627 753 2693 per
783 2610 873 2695 ipsos
902 2614 1010 2674 metra
1031 2609 1212 2675 ambulent
1255 2613 1412 2675 accentus
1437 2615 1489 2674 est
1508 2614 1602 2699 perta
1620 2610 1677 2675 Iex
1698 2614 1734 2675 et
1752 2610 1873 2695 regula
1893 2610 1938 2676 ad

262 2709 441 2774 lesendam
464 2716 499 2773 et
520 2709 805 2794 comprimendam
827 2709 1002 2793 syllabam.
1045 2710 1216 2793 positurae
1237 2715 1315 2774 suut
1333 2710 1446 2793 puncti
1473 2707 1516 2773 ed
1537 2708 1787 2793 distinguendos
1808 2727 1939 2777 omaus.

261 2816 362 2874 notae
385 2817 463 2873 sunt
484 2811 612 2894 figurae
634 2809 799 2896 quaedam
822 2809 875 2875 sel
896 2809 939 2874 ad
962 2808 1146 2874 brevianda
1167 2809 1271 2874 verbs
1290 2811 1447 2874 inventae
1467 2808 1522 2873 vel
1541 2812 1585 2872 cd
1606 2825 1723 2873 sensus
1745 2811 1937 2896 exprimen-

198 2905 245 2975 20
264 2911 324 2976 dos
345 2911 399 2976 vel
420 2913 464 2976 ob
486 2910 636 2976 diversas
659 2913 1001 2989 causascoustitutae,
1023 2915 1060 2974 ιιι
1080 2911 1297 2994 inscriptura
1316 2909 1584 2978 sacraobclos÷
1606 2908 1660 2974 vel
1681 2911 1860 2975 asteriscus
1872 2915 1927 2991 ·'><·.
1997 2925 2000 2932 ·

265 3011 481 3096 ortographia
501 3018 554 3076 est
583 3017 677 3076 recto
704 3011 882 3095 scriptura,
909 3016 1023 3095 utpote
1046 3010 1091 3075 ed
1112 3010 1314 3094 praepositio
1336 3009 1357 3074 d
1379 3011 1514 3096 accipit,
1540 3015 1577 3076 at
1596 3010 1783 3076 coniunctio
1805 3017 1829 3075 t
1851 3030 1934 3077 ana·

262 3111 352 3196 logia
372 3118 424 3176 est
444 3111 600 3176 similium
618 3114 822 3196 conparatio,
843 3118 880 3176 ιιι
899 3111 1027 3176 incerta
1047 3111 1145 3176 certis
1159 3109 1350 3194 probentur.
1379 3110 1596 3196 ethimologia
1615 3114 1666 3176 est
1677 3111 1773 3194 origo
1795 3116 1831 3177 ct
1850 3114 1934 3180 ratio

263 3211 521 3294 vocabulorum,
549 3218 586 3276 ut
606 3230 629 3277 a
648 3211 796 3296 regendo
816 3230 879 3276 rex
906 3215 940 3276 et
961 3211 1003 3275 ab
1025 3211 1127 3275 humo
1150 3209 1251 3275 homo
1272 3208 1398 3274 dicitur.
1441 3210 1554 3294 glossa
1575 3217 1627 3276 est
1645 3212 1744 3275 unius
1765 3212 1861 3276 verbi
1880 3213 1937 3278 sel

264 3311 407 3377 nominis
428 3313 671 3397 interpretatio,
705 3317 741 3376 ut
761 3317 854 3378 cahra
880 3310 914 3376 id
942 3315 993 3376 est
1014 3309 1139 3377 doctus.
1182 3309 1370 3376 differentia
1395 3314 1448 3374 est
1472 3309 1635 3377 distinctio
1658 3310 1801 3376 duarum
1821 3329 1937 3378 rerum

199 3409 243 3478 25
262 3428 337 3476 cum
369 3411 659 3496 interpretatione,
698 3419 734 3475 ut
763 3429 826 3476 rex
857 3411 976 3478 dicitur
995 3411 1070 3494 ·qui
1100 3408 1272 3474 modestus
1308 3414 1375 3490 est,
1405 3413 1568 3491 tyrannus
1600 3412 1658 3495 qui
1691 3409 1837 3476 crudelis
1875 3417 1935 3478 est
1995 3427 1999 3434 ·

263 3511 491 3576 barbarismus
513 3517 565 3576 est
597 3529 667 3576 una
695 3529 771 3596 pars
793 3513 912 3578 vitiose
932 3511 1031 3576 diota
1058 3509 1198 3593 volgare
1218 3509 1430 3595 proverbium
1462 3515 1513 3575 est
1532 3511 1655 3575 ‘malae
1686 3509 1815 3576 arboris
1842 3512 1933 3581 uodo

262 3611 370 3676 malus
402 3629 528 3676 cousus
557 3609 767 3696 quaerendus
793 3613 863 3678 est’.
906 3610 1121 3677 soloecismus
1154 3615 1206 3674 est
1232 3611 1336 3677 oratio
1368 3611 1486 3676 vitiose
1514 3611 1705 3696 composite
1748 3611 1831 3696 vitia
1857 3619 1937 3678 sunt

150 3699 156 3710 ’
263 3731 351 3797 quae
371 3713 405 3777 in
428 3711 568 3797 eloquiis
601 3729 722 3777 cavere
743 3711 920 3795 debemus,
953 3717 988 3777 et
1008 3717 1086 3774 sunt
1106 3709 1182 3776 XII.
1225 3711 1462 3796 metaplasmus
1494 3717 1547 3777 est
1566 3713 1705 3777 metrica
1723 3709 1860 3777 licentia
1880 3712 1937 3779 sel

262 3813 462 3878 necessitate
482 3813 646 3876 inmutata
666 3811 783 3895 regula
798 3811 982 3878 locutionis.
1026 3817 1179 3876 scemata
1197 3817 1276 3876 suut
1292 3817 1490 3878 omamcuta
1512 3812 1633 3898 eloquii
1654 3803 1689 3878 et
1708 3810 1841 3876 habitus
1863 3813 1936 3897 qui·

75 3929 84 3944 ‘
199 3909 246 3979 30
261 3911 323 3978 bus
343 3913 531 3979 sententiae
552 3913 743 3978 vestiuntur.
785 3918 898 3999 tropus
919 3915 971 3977 eat
1002 3911 1102 3976 dictio
1124 3908 1285 3974 translata
1311 3929 1334 3974 a
1367 3913 1501 3997 proprie
1526 3913 1768 3996 significatione
1796 3913 1842 3978 sd
1864 3929 1934 3979 nou

262 4013 431 4097 propriam
452 4011 696 4078 similitudinem
729 4019 864 4077 ornatus
886 4011 1136 4098 necessitatisve
1169 4026 1281 4075 cause
1323 4028 1425 4095 prosa
1451 4016 1503 4076 est
1524 4017 1618 4078 recta
1647 4011 1771 4078 locutio
1805 4013 1937 4099 absque

264 4119 370 4178 metro
393 4111 448 4177 vel
468 4131 569 4178 versu
590 4113 783 4198 composita
825 4121 933 4178 metra
949 4117 1072 4177 vocata
1092 4116 1186 4194 sont,
1208 4111 1288 4194 quia
1308 4111 1406 4176 certis
1426 4111 1549 4195 padum
1570 4112 1734 4176 mensuris
1751 4116 1937 4195 terminan-

263 4219 324 4279 tur.
357 4210 490 4277 Iabulaa
512 4229 566 4278 res
587 4213 686 4278 lictae
706 4211 839 4278 ludendi
860 4229 967 4278 caum
995 4211 1049 4276 vel
1071 4210 1247 4276 cuiuslibet
1266 4210 1522 4298 significationis.
1551 4212 1686 4276 historia
1711 4216 1763 4276 est
1782 4216 1935 4281 narratio
1989 4287 1994 4293 ⁴

262 4315 312 4379 rci
331 4319 457 4397 gestae
499 4317 531 4377 A
551 4311 696 4378 Undeis
723 4314 779 4397 qui
799 4313 878 4377 artis
905 4313 1146 4396 grammaticae
1167 4311 1318 4376 notitiam
1344 4311 1466 4376 habere
1486 4309 1652 4377 desiderat
1672 4311 1823 4378 discendi
1843 4315 1930 4380 ordi-

80 4431 92 4513 ]
146 4417 147 4422 ’
202 4413 245 4483 36
263 4432 341 4480 uem
360 4413 522 4479 inchoare
543 4412 666 4478 debetl
691 4417 735 4478 Μ
751 4411 781 4476 Α
800 4430 884 4480 voce
905 4411 1060 4479 vIdeIicet
1079 4411 1264 4494 articulata,
1286 4430 1309 4477 a
1328 4428 1397 4496 qua
1411 4413 1561 4478 oriuntur
1580 4412 1721 4497 litterae,
1743 4430 1833 4499 quae
1853 4415 1936 4481 artis
1994 4463 1999 4474 .

263 4514 503 4601 grammaticae
516 4512 698 4598 primordia
717 4514 869 4580 existunt
908 4513 989 4578 licet
1009 4513 1097 4579 enim
1120 4512 1200 4576 artis
1221 4511 1462 4595 grammaticae
1481 4517 1634 4580 auctores
1656 4512 1833 4579 exordium
1854 4517 1934 4582 scri·
2045 4531 2048 4536 ·

262 4614 364 4681 bandi
389 4613 520 4678 sarium
552 4612 784 4699 diversumque
813 4617 1027 4699 sumpsemnt
1046 4610 1200 4696 (quidam
1232 4611 1322 4676 enim
1354 4610 1398 4677 ab
1417 4613 1492 4698 ipsa
1512 4619 1584 4680 arte
1603 4619 1803 4699 coeperunt,
1834 4615 1937 4683 atila

261 4715 394 4798 litteris,
417 4711 511 4778 multi
532 4730 555 4777 a
574 4713 717 4796 casibus,
736 4712 888 4799 plerique
908 4731 931 4778 a
951 4713 1099 4800 partibus
1112 4710 1285 4795 orationis,
1304 4713 1403 4798 pauci
1425 4731 1448 4778 a
1467 4714 1635 4779 nominum
1655 4713 1935 4783 declinationibus

298 4861 317 4919 a
334 4861 488 4917 arvinam
506 4889 542 4903 -
559 4860 695 4918 missas
711 4863 774 4917 sss
792 4866 843 4919 rs
879 4860 915 4920 ss
934 4858 969 4914 ιι
988 4871 1052 4916 «κιο
1069 4873 1170 4916 insu
1187 4874 1241 4916 αι
1257 4820 1330 4917 as'
1353 4859 1390 4920 to
1406 4859 1508 4938 sousa·
1525 4860 1585 4918 css
1620 4860 1656 4921 oo
1674 4861 1783 4933 qu·-
1795 4863 1861 4933 qua
1873 4850 1938 4920 ιιι·
