4342 5775
996 726 1049 815 ti

356 968 476 1033 'i'otum
500 986 584 1053 opus
605 926 869 1052 quatuordecim
897 968 1003 1035 libris'
1020 968 1166 1034 divisum
1194 986 1272 1036 asse
1292 967 1496 1053 Letointius,
1534 970 1691 1053 quattuor
1708 965 1870 1032 Basbrins

190 1097 259 1146 nou
279 1084 371 1145 recte
391 1079 556 1145 dixerunt
598 1080 634 1145 in
655 1098 722 1166 quo
743 1079 790 1145 iili
811 1079 963 1147 videntur
984 1082 1092 1147 secuti
1122 1097 1202 1146 esse
1222 1080 1518 1165 praescriptionem
1541 1076 1776 1164 capitulorum,
1801 1080 1871 1164 qui·

190 1192 254 1257 bus
275 1192 416 1277 scriptor
438 1193 669 1258 tractationem
691 1193 771 1256 artis
793 1191 950 1257 distinxit
993 1192 1086 1258 velut
1106 1198 1186 1279 post
1205 1192 1449 1276 praefationem
1470 1209 1629 1256 ramnum
1651 1191 1686 1255 in
1706 1190 1800 1257 initio
1821 1206 1871 1255 ar-

192 1305 232 1368 tis
253 1308 378 1389 septem
401 1306 511 1389 posuit
532 1304 692 1390 capitula,
726 1306 805 1369 ide
823 1322 860 1367 eo
887 1307 972 1384 quod
996 1309 1207 1384 promants‘cc
1236 1324 1293 1369 crs
1323 1314 1455 1371 unsrun
1484 1306 1521 1367 11
1540 1323 1598 1369 scr
1616 1306 1719 1367 orado
1736 1306 1871 1368 weita
1970 1326 1974 1332 ⁴
2058 1280 2063 1283 ’

191 1420 313 1481 dicotur
333 1419 389 1481 111
407 1420 447 1479 de
466 1422 626 1482 octonorio
647 1419 771 1482 catenis
803 1434 863 1494 pus
896 1426 961 1480 toto
991 1422 1129 1481 latinitas
1156 1419 1411 1497 ccspretestusr
1434 1419 1507 1483 1111
1524 1436 1583 1481 our
1606 1419 1640 1480 iu
1657 1418 1799 1496 partibus
1819 1430 1873 1515 sc·-

193 1548 258 1593 rnen
285 1534 413 1609 ponitur
436 1534 565 1610 primum
594 1531 677 1592 Vde
702 1533 869 1607 difinitione
900 1533 1029 1594 nominis
1059 1540 1296 1609 canonemque
1317 1532 1456 1609 portinse
1483 1531 1528 1595 71
1545 1548 1603 1594 ser
1623 1548 1730 1591 nomes
1750 1530 1875 1593 dicotur

78 1642 81 1649 '
193 1660 259 1706 crus
280 1660 356 1705 coru
383 1642 444 1705 VII
465 1660 523 1705 cur
543 1644 654 1705 dicitur
673 1658 780 1704 nomeu
803 1660 914 1722 corpur
935 1649 991 1705 nist
1009 1660 1074 1705 rem
1091 1647 1226 1723 proprie
1245 1646 1480 1705 comunitate
1497 1646 1685 1721 sicutmodo.
1725 1640 1880 1738 similiter

194 1759 228 1818 et
247 1752 397 1838 reliquae
419 1754 561 1819 nominis
583 1754 781 1838 expositioni
802 1758 836 1819 et
856 1754 896 1818 iis
917 1771 1007 1839 quae
1028 1753 1215 1850 denoteris
1236 1754 1382 1839 pertibus
1403 1754 1564 1821 orationis
1590 1751 1768 1839 disputavit
1787 1754 1875 1839 espi-

194 1864 264 1929 tuia
283 1866 506 1951 praescripsit,
527 1864 690 1930 interdum
713 1866 815 1931 etiam
836 1882 952 1931 versus
974 1867 1194 1951 praeisuonis
1216 1865 1294 1932 ioco
1315 1865 1450 1948 addidit,
1471 1883 1539 1952 qno
1561 1864 1688 1931 facilins
1708 1863 1791 1932 ordo
1811 1864 1875 1930 dis·
1948 1958 1952 1963 ι

194 1978 371 2063 putationis
406 1974 506 2042 vaide
538 1976 678 2042 diffusae
705 1978 956 2063 perspiceretur.
1000 1979 1153 2065 sequitur
1183 1983 1297 2044 sutem
1320 1977 1526 2063 smaragdus
1554 1978 1588 2042 iu
1610 1982 1682 2043 arte
1702 1976 1877 2042 uacuum

194 2089 345 2154 ordinem
366 2089 505 2171 Donati,
541 2090 634 2154 cuius
668 2089 787 2155 iibrum
816 2090 1054 2176 exponendum
1083 2090 1148 2156 sibi
1177 2098 1382 2175 sumpserat,
1413 2091 1567 2156 adhibitis
1587 2088 1752 2155 interdum
1775 2090 1875 2156 &aar
1980 2154 2022 2177 ,ι

196 2202 268 2265 nliis
290 2202 498 2281 auctoribus,
523 2200 708 2283 Priscicun,
729 2202 906 2289 Pompeio,
928 2201 1037 2286 Foca,
1057 2202 1202 2269 Isidoro.
1245 2202 1307 2269 sed
1328 2221 1371 2268 ea
1390 2222 1429 2269 re
1449 2202 1597 2268 mexime
1618 2201 1662 2268 ab
1681 2202 1722 2267 iis
1743 2202 1877 2287 scripio·

194 2314 303 2395 mirus,
331 2313 515 2399 dequibus
538 2318 639 2380 antes
665 2313 749 2398 dixi,
770 2314 893 2397 differt,
929 2316 1020 2402 quod
1042 2317 1156 2381 minus
1178 2334 1284 2400 quam
1304 2315 1350 2381 illi
1370 2316 1405 2381 in
1427 2333 1490 2380 usu
1512 2318 1660 2380 veterum
1681 2316 1878 2399 scriptorum
1978 2381 1982 2387 ,

198 2425 396 2512 exponendo
418 2430 590 2509 versetur,
625 2426 684 2492 sed
716 2430 1004 2514 praeceptaartis
1031 2426 1076 2493 ad
1106 2446 1195 2493 suae
1218 2429 1337 2494 aetstis
1356 2445 1549 2494 ammonem
1571 2424 1738 2512 adpiicere
1758 2425 1878 2507 studet,

197 2556 278 2603 nem
300 2538 459 2623 exempla
478 2538 602 2622 regulis
624 2538 805 2624 adscripta,
828 2542 1005 2627 sicutipse
1025 2542 1061 2606 in
1084 2540 1230 2627 prologo
1251 2540 1419 2624 indicavit,
1440 2539 1602 2625 pleraque
1623 2557 1644 2604 e
1663 2556 1761 2605 mora
1780 2539 1878 2624 scrip

197 2655 287 2732 turs,
309 2649 354 2715 ad
375 2668 477 2736 qnam
499 2650 676 2735 legendam
698 2651 875 2736 discipulos
896 2653 1070 2719 instituere
1090 2652 1241 2738 volebat,
1261 2652 1438 2719 nonnulis
1459 2653 1561 2717 etiam
1583 2651 1626 2716 ab
1647 2650 1878 2717 emissiasticis

200 2762 412 2848 scriptoribus
443 2764 573 2848 petivit;
613 2766 690 2849 quin
727 2764 827 2829 etiem
857 2782 1034 2831 numerum
1066 2772 1145 2832 octo
1171 2766 1317 2851 partium
1346 2765 1523 2847 orationis,
1553 2764 1588 2827 in
1609 2762 1879 2855 quibns'summa

199 2874 440 2959 grammaticae
470 2876 548 2940 artis
576 2880 745 2958 versatur,
778 2897 796 2940 e
821 2879 995 2944 raucitate
1016 2878 1166 2966 quadam
1190 2880 1263 2945 eius
1284 2877 1430 2961 numeri,
1458 2895 1548 2964 quae
1568 2874 1782 2942 sacris-libris
1804 2894 1881 2943 oon·

196 2985 329 3053 firmata
348 2992 446 3070 esset,
467 2987 516 3052 ita
536 2988 682 3072 deduxit,
704 2993 741 3054 ut
761 2989 824 3056 boc
846 2991 1012 3086 ‘divinitus
1033 2992 1235 3076 inspiratum
1256 3007 1422 3056 essenon
1443 2987 1630 3056 dubitaret'.
1667 2987 1788 3056 deinde
1807 3005 1881 3055 sse·
2008 2975 2018 2990 ⁴

197 3101 268 3186 pius
290 3101 460 3166 hominum
483 3118 567 3166 suae
589 3103 706 3166 aetatis
728 3103 932 3167 mentionem
954 3105 1048 3182 iecit,
1082 3102 1176 3189 qnod
1197 3121 1276 3169 raro
1304 3103 1377 3168 iieri
1404 3104 1495 3189 apud
1522 3102 1758 3187 grammaticos
1783 3101 1880 3168 buius

197 3214 355 3298 temporis
376 3213 508 3296 inveni,
531 3217 567 3278 ut
586 3213 630 3279 de
652 3214 785 3280 casibus
806 3215 977 3281 nominum
997 3222 1160 3296 praetioso
1181 3217 1252 3282 ideo
1273 3227 1422 3301 sessim,
1443 3220 1516 3296 puin
1534 3233 1594 3296 per
1612 3233 1679 3280 essa
1698 3217 1882 3279 mmm

196 3335 328 3406 pestem,
356 3334 390 3388 st
412 3325 540 3390 Octobr
560 3329 683 3406 Pippini
699 3331 797 3405 fitius,
825 3333 859 3394 et
884 3327 928 3394 de
948 3335 1109 3416 quattuor
1129 3330 1307 3395 nominum
1328 3328 1502 3413 speciebus
1522 3347 1596 3407 erpo
1615 3329 1780 3392 secundus·
1799 3328 1883 3393 isse

198 3437 407 3516 dissertionem
426 3455 609 3518 praenomen
628 3450 660 3503 et
679 3458 786 3506 nomes
806 3445 887 3505 ister
901 3447 1065 3523 proprias,
1098 3459 1267 3522 cognom
1301 3453 1333 3507 ct
1351 3458 1499 3521 conones
1520 3445 1599 3506 inter
1618 3443 1821 3522 oppettsrbss
1839 3450 1881 3504 te·

198 3568 322 3614 memus
341 3553 466 3630 mester.
509 3571 580 3615 aare
607 3557 757 3632 propriae
778 3557 940 3642 punitatis
962 3573 1151 3634 maenomen
1182 3559 1249 3618 sine
1273 3558 1400 3620 atterius
1431 3556 1559 3619 sonim
1585 3555 1775 3619 motato
1794 3571 1881 3616 msa

201 3665 337 3728 obesiore
358 3665 446 3727 debet
469 3667 630 3728 ostendere
649 3669 846 3742 intellectum
884 3674 917 3730 ut
948 3671 976 3731 ri
1003 3669 1094 3732 dicar
1114 3668 1166 3731 ‘de
1181 3672 1305 3748 pristin
1326 3672 1413 3732 semo
1435 3649 1638 3747 impactoris'
1658 3674 1688 3730 et
1706 3662 1883 3752 mastos·
1919 3667 1923 3675 ’
1957 3689 1982 3729 ,·

198 3778 272 3839 mibi
288 3777 350 3850 licit
369 3777 506 3856 insutus,
528 3781 574 3841 rte
589 3781 711 3857 pienum
733 3780 824 3840 babet
844 3782 1037 3864 intellectum,
1060 3799 1103 3845 nc
1121 3783 1152 3843 ri
1169 3785 1332 3862 proprium
1346 3799 1452 3862 ponor
1471 3797 1580 3844 nomen
1599 3788 1630 3843 et
1648 3777 1807 3858 dtcnsfde
1823 3797 1882 3858 pc·
1982 3832 1988 3838 .
2069 3765 2073 3770 ’

199 3889 272 3952 tntis
294 3891 382 3951 nenio
406 3889 619 3955 Obiuduuur'cs'
647 3901 677 3954 et
698 3890 939 3958 ‘cursuscursus
961 3894 1188 3973 (miscentem
1208 3891 1302 3970 cod.)
1335 3894 1411 3956 sribt
1433 3896 1496 3968 suit
1515 3893 1654 3975 iocum,
1681 3893 1801 3956 otides
1821 3879 1882 3955 istc
1912 3945 1925 3986 ·;

199 4002 261 4064 dno
281 4003 361 4063 inter
374 4005 510 4080 proprio
531 4009 590 4066 rite
607 4014 737 4082 possunt
755 4007 878 4068 nominc
897 4009 1072 4086 conputari.
1117 4003 1267 4090 denique
1299 4003 1342 4070 de
1369 4006 1607 4088 patronymicir
1633 4010 1668 4069 et
1686 4003 1883 4088 possessivis

202 4111 308 4177 muita
336 4109 543 4178 Francorum
578 4120 613 4180 et
639 4113 825 4181 Gothorum
860 4117 999 4182 nomina
1031 4121 1269 4200 enumeravit,
1305 4135 1394 4204 quae
1425 4116 1470 4182 nd
1501 4115 1596 4202 teges
1626 4117 1798 4181 nominum
1818 4113 1884 4180 Ro·

201 4243 377 4290 manorum
399 4225 554 4309 redigere
575 4226 698 4291 studuit
709 4225 761 4308 *1.
804 4245 1010 4315 quamquam
1043 4239 1184 4317 praeter
1211 4232 1347 4317 propria
1375 4229 1513 4295 nomina
1535 4229 1708 4295 bominum
1734 4245 1802 4295 non
1830 4227 1884 4293 in·
1983 4249 1992 4260 ·

201 4339 279 4403 veni
299 4336 446 4423 vulgaris
467 4341 633 4405 sermonis
655 4319 818 4408 rmonem'
839 4339 987 4407 unium
1009 4359 1097 4412 ene.
1690 4334 1701 4364 ‘

307 4521 337 4585 ⁸)
356 4519 495 4590 Exempia
511 4521 658 4576 nominum
676 4519 860 4575 umdmrrm
887 4529 916 4577 ct
940 4521 1120 4594 gothicorum
1146 4524 1250 4593 pertim
1274 4524 1332 4578 iam
1355 4536 1374 4575 a
1398 4519 1550 4575 iiabtiiono
1575 4518 1652 4576 stirs
1671 4536 1709 4576 ex
1732 4519 1789 4576 bos
1805 4519 1885 4576 Sua·

200 4619 280 4690 ngdi
299 4619 363 4675 ioco
381 4619 470 4675 edidit
487 4621 692 4688 ssusmannns,
710 4619 844 4676 zeitschr.
864 4623 883 4678 1.
902 4620 1030 4679 neuneu
1047 4621 1171 4678 Altertis.
1190 4640 1218 4677 v.
1228 4623 1322 4694 itanpt
1336 4620 1350 4678 1
1367 4638 1395 4693 p.
1408 4620 1464 4680 888
1478 4636 1555 4692 sqq„
1571 4623 1712 4694 exemptis
1729 4636 1798 4677 asna
1815 4619 1886 4677 duo·
1903 4607 1909 4618 ’

203 4735 266 4774 rum
286 4717 414 4775 codicum
432 4719 627 4778 Parisincrnm
646 4721 738 4793 suppl.
756 4721 808 4790 69,
826 4730 858 4778 ut
874 4722 1001 4791 ridetur,
1019 4728 1049 4779 et
1067 4721 1218 4794 esum.
1237 4722 1326 4795 1447,
1343 4738 1426 4794 qnam
1445 4719 1494 4777 iiie
1511 4723 1586 4777 miro
1603 4737 1700 4778 more
1718 4737 1795 4778 anno
1813 4721 1885 4780 1447

203 4820 338 4890 seriptum
358 4834 422 4877 esse
441 4819 523 4878 dixit.
559 4837 650 4895 usqne
667 4829 761 4878 umen
780 4825 848 4879 ratis
865 4823 1015 4880 mandate
1030 4825 1130 4881 omnia
1147 4822 1295 4893 exhibuit,
1316 4825 1481 4896 pnessrttm
1499 4837 1565 4878 enm
1580 4823 1611 4878 in
1629 4821 1693 4880 sois
1709 4824 1827 4880 nonina
1843 4825 1884 4881 te·
