4342 5775
1020 767 1073 857 lt

196 1012 321 1081 Keroli
342 1018 456 1080 sutem
477 1013 582 1078 vitem
603 1016 639 1078 et
659 1011 809 1077 subolem
832 1012 904 1077 eius
926 1010 1100 1076 duravisse
1121 1009 1264 1094 adparet
1284 1027 1330 1075 ex
1350 1010 1500 1076 versibus
1521 1012 1593 1076 eius
1614 1011 1659 1077 sd
1679 1012 1883 1096 lotharium,

196 1125 364 1192 Ludorici
385 1125 505 1205 lilium,
536 1129 614 1210 post
632 1142 664 1188 e
679 1121 764 1206 dli,
795 1140 862 1207 qno
884 1139 974 1188 enno
1001 1120 1057 1187 ille
1080 1126 1220 1207 epatre
1239 1119 1369 1189 cessar
1395 1122 1502 1186 dictu
1523 1126 1592 1204 est,
1623 1124 1772 1210 scriptis,
1799 1142 1883 1211 quos

198 1237 286 1304 olim
307 1256 331 1302 s
355 1254 411 1302 me
438 1236 722 1319 eBsnrbergensi
754 1233 871 1299 codice
902 1232 1008 1300 editos
1040 1252 1183 1318 granum.
1211 1234 1268 1299 let
1289 1232 1306 1297 1
1326 1253 1358 1317 p.
1379 1230 1462 1297 XXI
1487 1234 1574 1298 inire
1593 1238 1756 1325 repetam.
1777 1254 1884 1322 quere

198 1348 296 1413 lseud
316 1347 568 1433 inprobabiliter
588 1344 801 1412 Dbmmlerus
829 1343 873 1409 ed
902 1344 991 1411 bunc
1011 1346 1136 1410 rettulit
1162 1364 1280 1411 versus
1301 1342 1448 1411 Ermoldi
1470 1343 1591 1429 lisgelli
1612 1347 1646 1410 in
1667 1347 1783 1414 bonor.
1804 1347 1883 1413 Hiu-

201 1458 284 1527 dov.
305 1458 353 1525 1v
373 1458 437 1527 403
459 1458 567 1545 (mon.
589 1459 703 1525 Germ.
723 1456 789 1522 vol.
811 1454 844 1521 11
865 1476 897 1540 p.
918 1454 1015 1541 509),
1055 1460 1159 1521 iirrba
1188 1459 1380 1522 sacedotum
1410 1458 1569 1521 (iternentis
1595 1462 1739 1538 dopmute
1761 1470 1883 1525 cantat

201 1573 387 1651 levitaeque
408 1576 524 1636 micant
542 1574 654 1651 ordine
673 1588 805 1647 nammis
829 1572 886 1649 pii.
927 1585 1007 1631 nom
1035 1566 1078 1633 dc
1104 1570 1239 1633 vivente
1260 1569 1361 1634 etism
1384 1574 1455 1633 tum
1476 1570 1512 1634 in
1533 1568 1614 1634 aula
1633 1572 1729 1655 regis
1748 1572 1886 1635 bomine

202 1681 272 1748 dici
299 1682 450 1768 edpsret
493 1699 583 1748 mors
619 1684 691 1747 eins
720 1679 854 1744 videtur
885 1677 1031 1744 indicsts
1059 1697 1137 1744 esse
1160 1680 1196 1744 in
1227 1679 1421 1764 necrologio
1442 1681 1714 1767 Wirccburgensi
1747 1681 1884 1748 secedo

202 1811 296 1861 nono
317 1796 440 1880 scripto
461 1794 620 1860 Eclrbsrt
643 1811 764 1859 comm.
787 1791 831 1858 de
852 1791 921 1857 reb.
942 1789 1059 1856 Frsoc
1080 1792 1200 1857 orient
1222 1791 1288 1856 vol
1309 1790 1328 1859 1
1349 1812 1381 1877 p.
1402 1790 1467 1858 830
1486 1794 1539 1855 W
1555 1796 1626 1858 Kut
1647 1796 1716 1858 turn
1750 1774 1787 1859 ln
1813 1795 1885 1857 lis·

203 1909 286 1970 ueris
305 1908 467 1971 Maximini
487 1909 547 1987 Ep.
576 1916 607 1970 et
628 1907 983 1985 Clementisfrerbuteri
1007 1908 1147 1983 manistri
1166 1908 1309 1969 Palatini.
1351 1904 1461 1969 rninus
1489 1908 1617 1970 certum
1639 1911 1706 1987 est,
1737 1925 1820 1970 num
1840 1904 1885 1972 ad

205 2015 417 2084 Clementem
438 2020 626 2102 pertineant
648 2018 799 2083 carmine
811 2014 1019 2100 Theodulphi
1042 2017 1191 2101 episcopi
1209 2016 1459 2081 Aurelianensis
1475 2014 1523 2080 111
1543 2016 1563 2082 1
1585 2016 1660 2084 etri
1683 2016 1781 2101 (bibl
1800 2022 1885 2102 petr.

205 2128 311 2213 Lugd
326 2130 391 2195 vol.
402 2128 481 2195 XIV
496 2151 527 2216 p.
539 2129 582 2198 39
602 2128 705 2214 squ),
718 2128 838 2214 quibus
860 2126 915 2192 ille
929 2127 1076 2194 Scottum
1094 2128 1262 2213 quendam
1277 2129 1311 2191 in
1327 2127 1407 2191 suls
1421 2129 1516 2212 regis
1536 2128 1716 2211 degentem
1739 2129 1882 2195 aoerbis

207 2242 302 2305 simis
324 2243 482 2307 conviciis
504 2242 708 2327 perstrinxit,
737 2256 828 2325 quse
848 2240 963 2305 omnia
990 2238 1034 2306 de
1054 2237 1230 2306 clemente
1249 2240 1299 2305 sic
1319 2239 1525 2323 interpretsti
1547 2246 1624 2305 sunt
1645 2240 1829 2307 Frobeaius
1849 2242 1885 2306 in

205 2350 338 2418 Alcuin.
360 2371 415 2438 op.
438 2354 454 2421 1
482 2374 514 2439 p.
536 2352 578 2421 93
599 2360 634 2417 et
660 2355 689 2417 is
716 2352 774 2438 qui
795 2350 976 2417 Clementis
1004 2352 1108 2417 vitain
1135 2352 1266 2437 scripsit
1292 2351 1327 2413 in
1355 2367 1447 2415 nove
1473 2351 1715 2437 bibliogrsphis
1735 2353 1886 2418 Perisins

69 2510 71 2517 .
208 2463 273 2530 vol
294 2462 328 2529 X
348 2486 380 2551 p.
401 2465 480 2548 tto,
512 2471 549 2530 ut
570 2467 659 2531 bunc
680 2466 866 2550 principem
892 2470 1005 2529 scetes
1026 2463 1202 2530 Scotorum
1225 2461 1387 2528 adversus
1407 2462 1581 2529 Romanos
1601 2466 1704 2531 laius
1723 2464 1855 2532 vellent

187 2576 195 2597 ⁸
376 2577 483 2643 fluns
504 2579 604 2661 igitur
623 2595 748 2644 nomen
779 2578 814 2641 in
838 2573 967 2641 dnobus
995 2575 1181 2655 codicibus,
1209 2590 1294 2659 quos
1315 2572 1449 2657 qrridem
1471 2574 1627 2659 viderim,
1658 2577 1788 2644 decimo
1809 2594 1883 2642 see·

208 2685 289 2771 culo
305 2691 452 2775 seriptis,
488 2690 729 2775 Bambergensi
751 2688 795 2755 lli.
818 2688 858 2753 V.
883 2685 922 2754 18
942 2692 976 2751 ot
995 2686 1150 2752 Leidensi
1171 2685 1270 2751 Voss
1291 2686 1322 2752 4.
1342 2684 1404 2768 33,
1430 2688 1657 2769 grmmaticis
1688 2688 1781 2755 libris
1809 2689 1885 2755 sub·

207 2802 365 2886 seriptum
386 2807 448 2868 est.
491 2822 535 2867 ex
562 2803 612 2867 bis
633 2801 893 2886 Bembergensis
927 2799 1036 2866 codex
1057 2804 1165 2863 ortem
1194 2799 1451 2881 grammaticum
1478 2799 1625 2865 continet
1649 2802 1698 2866 its
1717 2802 1887 2888 scriplum,

208 2913 231 2981 l
253 2915 368 2982 1-54
395 2920 433 2980 ln
460 2919 510 2980 dei
535 2921 653 3009 number
669 2935 775 2996 pauca
797 2919 945 2997 incipiunt
965 2917 1004 2978 de
1017 2913 1216 2994 pbilosopbia
1238 2923 1269 2976 et
1289 2915 1490 2994 departibor
1505 2917 1580 2979 eires.
1622 2917 1666 2982 Μ.
1690 2916 1888 2980 Omnibus-

211 3023 271 3111 (de
308 3027 555 3114 interiectione)
595 3031 732 3108 exempto
771 3032 903 3090 abarum
935 3031 1070 3108 partium
1111 3029 1262 3090 arationis
1304 3028 1527 3090 existimandae
1563 3039 1634 3092 sunt
1670 3033 1807 3110 exceptis
1840 3031 1889 3094 bis

134 3151 135 3156 ’
210 3157 290 3222 quse
327 3149 384 3204 aut
416 3145 563 3221 dbrtonao
599 3150 654 3206 aut
684 3143 837 3220 positione
864 3144 974 3218 leucae
1000 3143 1089 3218 liunt.
1143 3139 1294 3218 lb'IiilT
1318 3139 1375 3202 bs
1402 3141 1619 3206 euntibus
1650 3144 1889 3208 obtutubus.

213 3251 614 3336 ouPAuthbbmtt
636 3249 762 3319 ot—bb
791 3253 850 3314 Per
876 3261 921 3313 est
940 3253 1126 3332 syllabarum
1145 3261 1176 3315 et
1196 3259 1362 3329 temporum
1383 3263 1470 3316 serta
1490 3256 1692 3320 dinumeratio
1714 3263 1787 3336 putu
1808 3279 1888 3323 unus

79 3435 82 3442 ⁴
210 3367 334 3442 quisque
356 3351 465 3444 pes'et
493 3375 595 3429 certas
621 3368 760 3446 evitabas
788 3366 880 3428 babet
910 3372 940 3426 et
965 3374 1051 3428 certa
1079 3373 1216 3442 tempora
1239 3397 1278 3410 -
1298 3367 1452 3443 sinziciae
1478 3377 1578 3428 cutem
1598 3377 1668 3430 sunt
1682 3373 1889 3451 pentssuilabt

209 3475 405 3555 hexasyllabi
418 3480 516 3556 pedes
537 3487 567 3541 et
591 3481 666 3543 dicti
686 3480 772 3558 opud
789 3494 900 3557 precor
918 3480 1067 3554 sinticius
1087 3478 1177 3554 quasi
1197 3478 1348 3554 quaedum
1366 3480 1588 3542 decmianes.
1608 3481 1664 3541 sed
1683 3483 1718 3544 br·
1737 3500 1798 3546 non
1818 3493 1891 3547 runt

206 3590 303 3667 pedes
329 3591 385 3652 sed
406 3594 600 3672 appellantur
620 3592 830 3671 pentasyllabi
854 3601 885 3653 et
904 3591 1076 3670 exasyllabi
1094 3592 1169 3668 quia
1190 3593 1272 3652 uttru
1297 3594 1431 3668 quinque
1449 3599 1480 3653 et
1495 3607 1554 3653 sex
1572 3592 1712 3671 sudabas
1730 3610 1793 3655 non
1810 3611 1887 3674 pro-

138 3685 142 3693 ’
211 3702 332 3766 sedunt.
359 3705 440 3766 unde
466 3721 529 3767 nou
557 3712 677 3782 oportet
703 3707 740 3766 in·
757 3705 893 3768 carmine
912 3704 970 3764 bas
1000 3703 1137 3784 syticbas
1156 3705 1314 3781 quodlibet
1332 3705 1483 3766 excedere
1501 3720 1608 3766 nomen
1628 3715 1662 3767 ut
1680 3709 1887 3784 cumpinu-

157 3831 161 3840 ¹
211 3817 288 3876 uum
313 3815 638 3879 bierosatimitaucrum
665 3826 695 3880 et
720 3787 1124 3892 eamtuminrprtttu'narum.
1150 3811 1320 3881 too-70
1349 3816 1429 3890 Quid
1456 3825 1501 3877 est
1525 3818 1757 3882 barbarismus?
1797 3821 1888 3883 Pom·

102 3941 109 3954 ·
209 3929 298 4008 prim
325 3929 453 3991 ostendit
480 3934 525 3993 itu
547 3931 652 3994 dicens
672 3963 715 3976 -
747 3929 841 3993 lboia
867 3935 959 4008 cepta
976 3926 1046 4000 suit.
1064 3929 1141 4002 susi.
1184 3933 1369 4009 sequuntur
1396 3944 1512 3991 versus
1538 3925 1592 4010 ni,
1624 3928 1744 4013 quibus
1764 3948 1888 3998 nomeu

217 4039 384 4122 scriptoris
404 4037 580 4123 unimur,
672 4081 675 4088 ·
1051 4085 1077 4094 --

492 4169 604 4237 peuce
624 4151 698 4232 tibi,
720 4148 866 4231 ansm,
887 4149 932 4214 de
950 4147 1077 4230 multis,
1099 4165 1224 4233 megae
1244 4146 1417 4232 Elotbsri,
1538 4165 1542 4176 ’

489 4295 497 4308 ,
535 4253 607 4316 iure
627 4257 704 4316 tuns
724 4249 883 4318 clemens
905 4267 1016 4330 ssepe
1035 4247 1182 4334 legende
1202 4246 1291 4327 dedi,
1365 4279 1369 4286 ·

475 4357 607 4446 ,cetere
627 4367 694 4437 quo
715 4349 833 4416 velens
855 4368 916 4436 per
943 4355 976 4415 te
996 4354 1176 4436 penetrare
1196 4347 1337 4432 sopbise

538 4449 624 4518 celle
645 4450 736 4516 velut
755 4455 907 4516 veterum
929 4450 1012 4516 scita
1030 4447 1198 4536 profunde
1219 4449 1339 4516 vuum.
1443 4478 1470 4494 ··
1546 4527 1551 4536 ,

495 4569 642 4638 nsrnque
663 4552 753 4636 prius
773 4550 870 4636 pueri
890 4555 1072 4636 pascuntur
1093 4548 1136 4614 sb
1158 4547 1262 4615 ubere
1282 4555 1430 4618 metrum
1527 4551 1549 4592 '·

537 4651 631 4718 lectis
653 4657 689 4716 et
707 4651 823 4735 irrigui
842 4651 986 4718 necteris
1007 4651 1129 4716 housle
1148 4653 1284 4734 petunt3
1338 4689 1342 4698 ·

495 4751 555 4819 sed
577 4770 655 4818 curn
676 4749 872 4818 desolor·
893 4750 1008 4838 pubet,
1029 4768 1106 4816 cum
1127 4748 1282 4816 membre
1301 4750 1485 4836 vigemus,
1625 4769 1643 4800 -τ
1700 4741 1744 4802 f.
1802 4773 1867 4800 -¹··

540 4855 619 4919 tunc
640 4849 764 4918 solidos
785 4849 894 4917 solida
913 4850 1034 4919 educet
1054 4867 1135 4916 escs
1154 4849 1269 4920 viros·
1342 4879 1359 4899 ··
1546 4887 1560 4900 ··
1843 4892 1848 4904 ·
