4342 5775
968 825 1074 941 u„
1165 956 1170 968 ,

153 1073 287 1133 orantum
321 1069 490 1133 liberabum
522 1067 692 1131 studiorum
718 1069 881 1147 disciplina
909 1072 1032 1134 infinum
1059 1072 1205 1134 educarer
1234 1068 1399 1143 tasnatum
1419 1100 1459 1114 -
1485 1070 1616 1145 portatu
1641 1064 1835 1156 quorundam

155 1183 287 1245 inurar.
315 1184 462 1259 neptune
481 1182 629 1259 caprina.
658 1181 779 1241 ramus
790 1182 866 1243 uter
881 1182 921 1244 re
933 1199 1012 1245 uoce
1030 1192 1061 1245 er
1079 1184 1184 1246 rrum
1199 1214 1234 1228 -
1248 1183 1385 1246 neamus
1404 1180 1443 1242 ue
1462 1180 1611 1242 arunte
1631 1164 1854 1243 murreum*

155 1295 377 1357 coniunctione.
409 1292 515 1369 incipit
530 1292 683 1368 epitltonr'u
700 1294 857 1354 Priscian
876 1296 959 1371 quod
978 1302 1025 1356 ert
1045 1295 1249 1357 ndbreuintto.
1277 1292 1457 1378 Philosophi
1475 1292 1629 1368 diffiniunt
1646 1308 1753 1356 uoeeor
1773 1308 1840 1355 me

157 1424 259 1468 nerem
279 1406 482 1468 tenuissimum
514 1405 606 1465 ictum
626 1418 700 1486 aqq.
728 1400 884 1467 (lotberti
907 1400 1033 1470 noman
1055 1422 1100 1469 ex
1119 1404 1186 1471 boo
1206 1402 1323 1469 dodina
1343 1402 1469 1487 recepit
1487 1398 1660 1469 faunum
1680 1400 1759 1471 bibl
1776 1400 1840 1468 lut<
1862 1390 1866 1397 ¹

157 1516 246 1582 med.
268 1520 303 1581 et
323 1516 385 1580 inf.
404 1518 469 1579 nat
489 1512 512 1579 l.
533 1510 597 1578 v11
616 1532 648 1597 p.
670 1511 743 1581 222
786 1518 963 1598 praeterea
985 1520 1098 1581 autem
1120 1514 1166 1580 de
1185 1532 1228 1581 eo
1249 1513 1333 1579 nibil
1353 1516 1493 1597 conatui,
1513 1514 1577 1579 niai
1597 1512 1742 1581 eundem
1763 1530 1840 1579 erae

157 1628 350 1714 putabimur
374 1624 588 1704 (imbertum,
610 1625 666 1708 qui
687 1641 779 1691 nono
801 1625 937 1692 aaeoulo
959 1628 1046 1692 inter
1066 1626 1250 1693 monauhoa
1271 1623 1503 1693 Floriaoeneea
1523 1625 1633 1693 atndio
1651 1614 1844 1692 liberalium
1906 1624 1913 1636 '

159 1741 281 1805 artium
306 1738 416 1804 elarua
439 1738 542 1801 tirieae
562 1735 679 1802 dieitur
700 1736 775 1802 hiat.
795 1736 843 1802 lit
865 1738 910 1804 de
931 1736 966 1802 la
985 1735 1116 1803 Franoa
1138 1738 1169 1802 V
1190 1735 1316 1823 prm
1878 1720 1885 1731 ¹

329 1850 384 1915 Ex
404 1866 528 1932 magno
550 1865 689 1913 numero
711 1848 869 1933 librorum
892 1851 948 1933 qui
970 1868 1038 1916 non
1059 1850 1180 1916 additia
1201 1849 1391 1916 nominibua
1413 1854 1587 1916 auotorum
1612 1850 1648 1916 iu
1674 1848 1843 1916 oodioibna

160 1963 272 2047 auripti
292 1962 507 2026 inveniuntur
528 1975 631 2024 annor
653 1961 926 2027 oonrmenrorabo
954 1964 988 2027 in
1012 1961 1130 2029 oodioe
1149 1962 1301 2027 Pariaino
1322 1959 1408 2031 7560
1427 1980 1454 2027 a.
1474 1959 1524 2029 Xl
1544 1964 1843 2049 aorlptum,ssprop

74 2144 79 2154 ,
160 2080 256 2139 terea
276 2073 367 2160 quod
388 2091 466 2138 eum
496 2076 601 2136 totum
622 2088 664 2135 ex
686 2072 899 2158 antiquorum
920 2075 1219 2158 grammatioorum
1240 2074 1333 2139 libria
1354 2073 1529 2141 oolleotum
1550 2092 1627 2142 eaeo
1646 2074 1787 2159 aoriptor
1808 2073 1846 2138 in

162 2188 373 2272 praefatione
400 2185 579 2269 gloriatur,
610 2185 760 2267 quamvia
780 2186 814 2249 in
837 2186 910 2269 ipra
931 2193 1022 2268 arta,
1054 2186 1087 2252 in
1116 2203 1186 2271 qua
1213 2191 1290 2254 ooto
1310 2193 1423 2272 partae
1444 2186 1603 2252 orationia
1623 2188 1846 2271 exponuntur,

163 2317 242 2364 raro
264 2300 403 2366 nomina
423 2300 597 2361 auctorum
619 2313 703 2381 quoa
721 2303 854 2363 aeautua
875 2302 928 2363 eet
946 2297 1138 2363 adscribere
1158 2296 1275 2366 aoleat
1308 2298 1380 2363 eiua
1396 2298 1495 2382 igitur
1509 2296 1583 2363 libri
1603 2298 1846 2385 praefationem
1976 2288 1983 2301 '

68 2486 71 2494 ,
163 2413 256 2477 inani
280 2428 362 2474 rane
383 2408 564 2474 verborum
585 2408 683 2492 copia
702 2412 737 2473 et
755 2409 899 2475 obaouro
921 2408 1055 2476 dicendi
1075 2428 1201 2494 genere
1223 2396 1424 2492 notabilem,
1448 2408 1510 2475 aad
1529 2408 1574 2475 ad
1595 2403 1847 2495 eognoaoendu
1895 2468 1900 2476 ,

164 2524 311 2589 rationea
333 2539 451 2587 eorum
484 2521 542 2606 qui
575 2536 665 2584 nono
693 2519 747 2585 vel
773 2522 904 2588 deoimo
937 2521 1075 2588 aaeoulo
1107 2521 1152 2587 de
1178 2523 1400 2607 grammatino
1431 2526 1503 2587 arta
1533 2522 1737 2608 aoripaernnt
1755 2519 1846 2587 band
1920 2527 1937 2586 .’

164 2634 334 2715 inutilem,
356 2650 481 2719 ponam
952 2640 955 2647 '
1035 2630 1038 2637 '

250 2745 473 2811 Dilectissimo
494 2744 587 2809 fratri
608 2748 643 2808 et
663 2744 840 2827 ingeniose
859 2745 955 2812 radio
978 2746 1186 2812 litteraturae
1205 2746 1347 2831 fulgenti
1368 2745 1459 2811 haud
1480 2764 1577 2812 aeona
1598 2765 1701 2834 quam
1723 2749 1760 2811 ut
1778 2765 1850 2811 mn·

167 2845 292 2913 renulia
314 2845 417 2912 obrizi
439 2846 512 2910 auri
534 2844 674 2910 materia
694 2853 730 2910 et
756 2845 1027 2912 omnimodorum
1058 2864 1220 2930 generum
1248 2848 1412 2913 varietata
1431 2845 1654 2914 vermiculatio
1675 2845 1851 2933 perepicuo

168 2947 306 3014 minanti
328 2945 495 3030 sigiberto
524 2943 677 3031 spiritalia
710 2947 877 3011 amicitiae
908 2945 1020 3012 clienti
1041 2946 1081 3012 N.
1104 2947 1263 3032 indiguus
1292 2947 1493 3013 univeraalia'
1510 2947 1677 3014 eooleoiae
1697 2948 1851 3012 matrina·

168 3047 271 3112 larius
292 3047 326 3112 iu
350 3046 485 3111 domino
507 3045 584 3110 Iesu
606 3044 779 3110 defecatae
811 3047 957 3112 raritatis
977 3046 1131 3112 salutern.
1173 3047 1252 3113 Non
1274 3050 1393 3133 ignoro
1415 3053 1463 3131 te,
1493 3048 1540 3113 fili
1561 3049 1754 3127 arietinae,
1781 3063 1850 3113 non

130 3147 319 3222 bodiorunr
341 3144 458 3211 faoulia
487 3143 664 3236 aufferaum
687 3163 752 3210 neo
772 3146 936 3212 mordacia
964 3147 1215 3232 vituperationia
1248 3149 1430 3216 motatione
1462 3151 1641 3216 cruentatio
1662 3145 1852 3226 aubdolum,

169 3246 232 3313 aad
254 3249 328 3313 loeo
352 3245 523 3330 flagrantia
553 3245 696 3310 caritatis
718 3247 929 3332 oonpallente
960 3253 995 3312 et
1016 3247 1236 3330 confidentia,
1271 3268 1341 3336 qna
1366 3268 1434 3316 non
1455 3267 1638 3335 numquam
1660 3247 1853 3335 prudenter,

171 3348 228 3413 ubi
249 3349 284 3412 in
305 3345 378 3412 aliia
402 3345 549 3431 aliquam
583 3345 743 3429 ingenioli
770 3346 945 3412 scintillam
977 3349 1127 3414 emioare
1147 3351 1370 3436 oonapiuiunt,
1404 3349 1624 3436 profundioria
1645 3354 1681 3415 at
1699 3354 1853 3435 penetra·

157 3447 296 3526 ,brioria
318 3447 510 3530 sagacitatis
531 3445 608 3510 illoa‘
626 3465 702 3512 aare
723 3447 925 3513 arbitrantur
952 3452 987 3512 et
1007 3465 1074 3513 non
1103 3449 1147 3514 de
1169 3451 1306 3536 propria
1325 3450 1530 3516 oonaoientia
1545 3448 1747 3531 exaltantur,
1766 3448 1877 3514 invi-r
1915 3480 1919 3488 ·
1964 3515 1972 3526 ,

173 3553 268 3613 tante
289 3549 386 3630 mibi,
415 3548 500 3612 aiom
521 3549 602 3627 auia,
636 3551 775 3612 auctore
795 3547 859 3613 deo
882 3546 927 3611 ad
954 3546 1023 3611 alia
1043 3551 1238 3634 properanti
1258 3555 1294 3615 et
1313 3552 1407 3614 iuxta
1426 3549 1599 3616 modulum
1617 3548 1856 3617 mediocritati·

113 3654 157 3724 10
174 3649 273 3714 meae
293 3653 433 3714 sanotae
448 3649 628 3731 aoripturaa
649 3645 732 3730 legia
749 3647 805 3712 dei
819 3647 992 3712 meditanti
1009 3647 1078 3712 tale
1089 3650 1302 3716 tricationum
1317 3651 1530 3716 molesmum
1550 3666 1635 3715 onna
1655 3649 1856 3736 inpoeniaae,

106 3821 114 3837 ,
156 3744 208 3815 'id
230 3755 282 3814 eat
301 3757 338 3812 ut
357 3749 531 3830 antiquam
558 3746 741 3832 perplexae
760 3748 880 3812 silvanr
903 3747 1076 3812 densitatis
1103 3752 1399 3833 grammaticorum
1419 3749 1613 3834 ingrederer
1634 3750 1678 3816 ad
1700 3749 1856 3834 aodimu-
1883 3787 1888 3796 ·

174 3849 255 3915 dum
277 3849 335 3914 tibi
355 3848 563 3912 diversorum
588 3847 714 3930 optima
734 3864 891 3932 quaeque
911 3867 1041 3933 genera
1054 3867 1231 3933 pomorum
1253 3855 1289 3915 et
1307 3851 1476 3917 variorum
1496 3849 1725 3918 odoramenta·
1737 3849 1857 3915 florum
1930 3856 1941 3873 ⁰

175 3949 312 4030 diffusa,
344 3964 435 4033 quae
456 3947 581 4030 paasim
604 3946 755 4032 dispersa
776 3965 837 4032 per
856 3947 979 4013 uultum
1009 3952 1306 4033 grammaticorum
1327 3951 1555 4032 inveniuntur,
1587 3950 1630 4016 nd
1652 3949 1857 4016 ootidiaunm

176 4049 302 4116 ooilioet
322 4050 370 4112 tui
392 4046 556 4130 diligentia
577 4047 675 4111 studii
691 4055 822 4133 parturn
844 4056 880 4114 et
900 4048 1102 4115 odoriferam
1124 4067 1285 4116 ooronam
1306 4052 1500 4135 ingenioaae
1521 4051 1720 4136 pubertatis,
1747 4056 1782 4118 et
1802 4067 1860 4136 op-

117 4155 160 4224 15
177 4151 260 4214 tima
281 4165 438 4234 quaeque
459 4153 495 4212 et
514 4150 745 4213 necessariora
756 4149 852 4233 quani
872 4151 907 4212 in
929 4168 1032 4213 unum
1052 4150 1254 4216 cumulando
1272 4152 1414 4216 laroiena
1431 4152 1635 4237 maraupium
1657 4154 1861 4218 ooaoervata
1942 4181 1946 4188 ·

178 4253 213 4315 et
232 4250 429 4315 oiroumoiaa
442 4249 500 4312 tibi
516 4245 711 4313 obtulerern.
734 4248 930 4334 aoruputoaa
950 4255 1064 4313 autem
1083 4249 1306 4317 sollieitudine
1319 4250 1685 4338 perluatratiautrieqne
1698 4252 1860 4339 partibor,

178 4367 277 4416 meae
308 4349 435 4415 audiret
462 4349 601 4435 peritiae
632 4350 772 4431 penuria
802 4353 953 4430 atinae,
984 4351 1170 4432 eademne,
1200 4352 1445 4436 pemererantia
1476 4351 1646 4438 lampabili
1665 4351 1860 4437 augamtatia
1946 4429 1952 4436 g

178 4451 353 4533 iaetantia,
374 4449 452 4514 fecit
473 4451 612 4530 caritas,
634 4447 723 4531 quod
744 4449 857 4514 fauere
877 4467 1013 4535 semper
1033 4450 1133 4516 uolet:
1159 4451 1323 4518 relevavit
1342 4454 1462 4540 quippe
1483 4470 1623 4538 gravem
1643 4451 1794 4539 plumbei
1812 4449 1860 4518 la·
1918 4521 1924 4532 ,

181 4550 271 4618 boris
292 4549 460 4615 aaroinam
482 4548 565 4613 levia
582 4547 726 4614 devotae
742 4551 888 4616 caritatis
910 4557 945 4616 et
965 4550 1121 4636 apiritalia
1136 4554 1388 4619 neoeueitudinia
1409 4555 1497 4620 funin
1517 4535 1715 4637 argenteum*
1730 4557 1765 4619 et
1783 4550 1862 4618 lieet

119 4656 165 4726 20
182 4651 306 4715 viribua
333 4651 432 4734 inpar
454 4649 637 4729 materiae,
669 4647 846 4716 devotione
867 4655 981 4716 tamen
1009 4650 1219 4736 deprecantis
1246 4652 1409 4719 voluntati
1428 4671 1569 4738 oonpar,
1601 4670 1705 4740 anpra
1736 4654 1863 4720 dietum
1915 4713 1920 4718 .

71 4805 79 4816 .
180 4749 350 4835 ingreaaua
373 4767 449 4813 aum
478 4748 598 4812 aalturn
631 4751 924 4832 grammatiooruur
947 4755 983 4817 et
1003 4749 1234 4836 noeumane,
1269 4753 1452 4819 venerandi
1471 4751 1595 4819 uodalia
1615 4752 1765 4820 boueatia
1786 4751 1864 4819 lioet
1921 4817 1927 4824 ,

256 4905 320 4959 aa
339 4907 409 4960 aar.
460 4901 678 4974 arremaro,
695 4915 726 4959 a
740 4907 850 4960 areu
884 4868 1121 4963 renouatum
1173 4908 1379 4982 upupa-uu
1433 4907 1468 4966 rr
1486 4909 1621 4980 muru
1675 4908 1711 4968 ue
1727 4907 1865 4966 avo-a
1902 4973 1935 5003 ⁸·

1463 5006 1486 5074 4
1826 5032 1830 5038 .
