4342 5775
266 1024 416 1081 ιναοιιιιιιι
436 1018 468 1079 ln
484 1017 628 1096 portibus
647 1017 759 1079 1111111111.
801 1012 974 1097 Sangerm.
996 1011 1059 1081 oio
1079 1032 1107 1079 1.
1127 1011 1161 1078 Χ
1189 1015 1227 1077 111
1250 1016 1362 1079 Olristl
1388 1018 1505 1078 semim
1523 1017 1629 1094 incipit
1646 1019 1840 1093 namnetici
1856 1034 1939 1079 111111·

75 1204 80 1222 ,
150 1209 158 1237 x
265 1130 359 1205 ΝΜ
380 1129 499 1191 ⁰0⁶0&
518 1131 587 1191 'dm
607 1174 615 1189 ·
638 1174 647 1189 ·
667 1172 715 1227 2:
738 1128 880 1207 (mamre
898 1122 1008 1212 Μαι.)
1037 1135 1189 1191 costatus
1210 1128 1269 1190 deo
1289 1128 1407 1207 proiice
1425 1144 1523 1190 omen.
1565 1126 1636 1190 Οιιιιι
1658 1113 1829 1191 secundem
1850 1130 1935 1192 intel·

257 1234 363 1303 'tectus
384 1254 456 1323 sqq.
477 1236 582 1303 Paris.
602 1238 682 1306 ‘tuot
706 1255 732 1303 s.
754 1235 785 1303 X
809 1240 969 1316 Prolopur.
1015 1238 1092 1302 011111
1110 1241 1275 1302 recondere
1294 1274 1338 1287 -
1358 1241 1609 1303 considerandum
1629 1248 1684 1303 est.
1713 1244 1839 1319 explicit
1860 1241 1938 1304 liter

266 1351 435 1428 Zmoropdi
456 1337 530 1429 p‘rtt
560 1355 593 1415 itt
618 1353 764 1429 portibus
787 1353 893 1414 doactl
914 1350 1046 1427 feliciter
1070 1353 1195 1431 expeti.
1237 1350 1339 1415 Paris
1367 1352 1472 1437 suppl.
1498 1347 1540 1418 69
1566 1369 1592 1415 e.
1614 1348 1647 1414 X
1666 1350 1720 1415 vel
1739 1350 1791 1416 xl
1822 1354 1939 1432 Incipit

260 1465 417 1543 prologus.
463 1462 536 1525 01111
556 1464 819 1546 resurrectionne:
841 1460 958 1525 ιιιιιιιιιι
971 1461 1043 1527 libri
1063 1479 1143 1545 pars
1165 1464 1240 1547 post
1260 1466 1436 1527 hastatum
1456 1462 1500 1527 de
1519 1461 1621 1527 verbo
1641 1462 1675 1525 in
1688 1461 1805 1528 codice
1824 1464 1932 1547 periit

264 1572 438 1657 prologum
461 1570 549 1656 libri,
584 1574 677 1638 cuins
706 1574 888 1637 maximam
909 1577 1042 1657 partem
1069 1573 1172 1636 etiam
1193 1572 1391 1639 llahillonus
1412 1571 1529 1654 edidit,
1559 1572 1715 1639 seodioe
1735 1572 1938 1657 Sangerma·

266 1687 364 1751 nansi
384 1684 465 1753 1147
487 1684 687 1769 descriptum
709 1682 885 1751 exhibebo.
1141 1675 1145 1681 ⁴

182 1865 186 1872 ,
433 1795 519 1863 cnm
552 1798 736 1862 secundum
765 1796 949 1861 intellectus
977 1797 1042 1860 ιιιοι
1063 1797 1286 1879 capacitatem
1306 1796 1558 1881 grammaticam
1579 1794 1733 1861 iratribus
1757 1794 1938 1882 traderem,

238 1943 240 1947 >
268 1906 450 1981 coeperunt
464 1895 565 1980 aliqui
586 1899 700 1962 audita
721 1896 858 1963 libenter
879 1897 1037 1980 excipere
1057 1901 1091 1959 et
1108 1894 1153 1960 de
1167 1894 1298 1961 tabellis
1319 1899 1354 1960 in
1376 1895 1620 1960 membranulas
1642 1900 1876 1982 transmutare,
1898 1901 1937 1962 nt

265 1997 355 2084 quod
372 1997 514 2063 libenter
534 1998 669 2063 auribus
691 1990 869 2062 hauserant
888 1998 1102 2078 hequentata
1122 1995 1267 2061 lectione
1286 1996 1401 2061 torius
1422 1997 1607 2063 retinerent
1649 1996 1740 2063 unde
1753 1998 1936 2063 occasione
2062 2036 2069 2048 -

266 2101 406 2182 accepta
418 2105 600 2182 coeperunt
614 2116 669 2162 me
680 2098 831 2163 suasorio
847 2112 1004 2161 sermone
1017 2095 1221 2179 conpellere,
1242 2104 1279 2159 ut
1298 2097 1511 2179 expositionis
1526 2103 1661 2161 nonnae
1673 2097 1720 2160 ita
1731 2096 1935 2182 protelarem

225 2188 468 2277 (lectioonem,
497 2202 534 2261 ut
561 2215 636 2261 cum
667 2196 915 2261 auctoritatibus
935 2194 1176 2279 scripturarum
1197 2201 1273 2261 octo
1294 2200 1404 2284 parles
1425 2194 1621 2281 exponendo
1642 2196 1878 2264 concluderem
1894 2205 1938 2287 ‘et

266 2299 299 2362 in
318 2296 418 2362 libelli
440 2297 642 2383 perfectione
660 2298 800 2361 linirem.
842 2295 962 2381 quihus
984 2293 1122 2359 tandem
1143 2295 1333 2381 frequenter
1353 2296 1545 2379 cogentibus
1567 2298 1750 2362 consentivi
1772 2304 1807 2363 et
1826 2299 1935 2387 opitu7

262 2396 356 2463 lante
377 2394 506 2465 christo
538 2414 645 2481 usqua
675 2396 719 2461 ad
747 2396 845 2461 tinem
873 2396 1016 2479 partium
1039 2397 1257 2480 expositionis
1279 2400 1411 2462 nostrae
1432 2412 1621 2461 sermonem
1642 2388 1791 2482 perduxi
1834 2416 1938 2483 quem

265 2497 411 2563 libellum
433 2515 501 2562 non
522 2484 667 2563 Maronis
689 2503 748 2560 aut
767 2494 937 2562 ciceronis
966 2494 1020 2560 vel
1049 2494 1151 2559 anam
1182 2497 1324 2562 aliorum
1354 2512 1560 2582 paganorum
1589 2498 1785 2563 auctoritate
1812 2496 1936 2581 fulciri,

116 2644 122 2652 ·
264 2597 324 2663 sed
347 2597 533 2662 divinarum
554 2597 790 2682 scripturarum
810 2597 982 2662 sententiis
1005 2594 1186 2677 adornari,
1209 2603 1247 2661 ut
1266 2596 1422 2663 lacerem
1443 2614 1553 2661 meum
1573 2595 1716 2662 iocundo
1737 2598 1862 2684 pariter
1882 2616 1935 2662 ar·

106 2748 114 2765 ,
205 2688 249 2757 10
265 2698 347 2762 tium
369 2701 404 2763 et
422 2693 566 2762 iocunde
588 2698 822 2783 scripturarum
850 2695 971 2782 poculo
999 2696 1229 2781 propinarem,
1263 2702 1299 2760 ot
1325 2696 1564 2780 grammaticae
1592 2690 1680 2760 artis'
1697 2697 1870 2781 ingenium
1903 2704 1940 2765 et

262 2800 504 2883 seripturarum
528 2796 710 2861 divinarum
743 2798 866 2881 pariter
897 2796 1011 2860 emeat
1041 2795 1317 2880 conprehendere
1342 2813 1487 2861 sensum.
1519 2802 1553 2861 et
1578 2795 1643 2861 hoc
1663 2814 1769 2880 quare
1789 2798 1938 2883 fecerim

266 2899 372 2965 lector
407 2898 495 2964 audi.
532 2903 611 2963 sunt
648 2900 788 2966 ειειιιιιι,
806 2897 907 2981 aliqui
941 2895 1085 2961 naturali
1112 2896 1323 2981 simplicitate
1349 2896 1491 2982 praediti
1517 2902 1551 2961 et
1577 2895 1633 2961 alii
1662 2897 1724 2962 sub
1756 2904 1937 2982 praetextu

264 2999 449 3065 sanctitatis
477 2998 597 3064 occulti
634 3009 668 3063 et
688 2998 744 3063 alii
764 2998 925 3063 tarditatis
946 2999 1084 3082 ignavia
1106 2999 1230 3081 pressi,
1263 2999 1320 3086 qui
1348 3000 1440 3062 aiunt
1466 2997 1622 3082 quoniam
1652 2999 1687 3061 in
1715 2999 1938 3082 grammatica

267 3103 340 3164 arte
361 3099 444 3164 deus
465 3116 533 3164 non
554 3098 673 3182 legitur
693 3117 757 3164 neo
776 3100 985 3179 nominatur,
1018 3094 1080 3161 sed
1105 3114 1312 3182 paganorum
1341 3104 1467 3162 tantm
1493 3097 1538 3162 ibi
1565 3102 1600 3162 et
1619 3098 1757 3163 nomina
1777 3104 1938 3164 resonant

206 3193 248 3261 lh
267 3205 302 3264 et
321 3197 488 3284 exempla,
510 3204 545 3264 et
562 3198 638 3264 ideo
660 3216 682 3263 a
701 3199 796 3264 nobis
819 3199 936 3264 merito
959 3195 1090 3262 οιιιοιιιι
1110 3195 1284 3262 dimittitur
1305 3203 1340 3264 et
1358 3197 1521 3282 neglecta,
1541 3198 1728 3264 nescientes
1749 3200 1831 3284 quia
1845 3198 1937 3264 ahud

265 3305 319 3364 est
344 3296 387 3364 de
415 3304 487 3364 arte
520 3303 681 3381 nectara,
714 3297 803 3364 aliud
824 3297 867 3365 da
888 3297 952 3364 deo
973 3296 1075 3382 loqui.
1117 3313 1180 3361 nos
1201 3301 1312 3361 ιιιιιειιι
1334 3296 1562 3382 intellegentes
1583 3299 1662 3384 quia
1683 3299 1826 3384 populus
1847 3299 1936 3365 lsra-

265 3398 321 3464 hel
349 3398 524 3483 egrediens
551 3397 594 3464 de
615 3399 771 3484 Aegypto
799 3416 883 3463 vasa
915 3414 1021 3462 aurea
1046 3403 1081 3462 et
1109 3402 1273 3480 argentea
1298 3415 1412 3462 secum
1438 3395 1567 3482 detulit,
1593 3399 1784 3485 Aegyptum
1810 3399 1938 3466 scilicet

266 3498 442 3584 expolians
474 3517 513 3564 sa
543 3500 674 3563 vesuvit
700 3504 736 3564 et
762 3499 850 3584 quod
877 3517 900 3564 ιι
927 3514 1137 3583 paganorum
1160 3496 1294 3563 abstulit
1319 3499 1385 3562 ritu
1412 3495 1546 3563 domino
1568 3497 1684 3564 obtulit
1703 3500 1738 3562 in
1761 3499 1936 3585 obsequio,

266 3597 358 3683 quod
377 3616 440 3664 nos
459 3599 530 3664 eius
551 3616 618 3683 ope
638 3599 739 3664 lhlciti
759 3617 825 3664 non
847 3601 914 3664 iam
937 3598 1121 3683 figuraliter
1141 3603 1199 3661 aot
1219 3597 1419 3681 umbratice,
1452 3601 1489 3661 ot
1512 3596 1573 3679 illi,
1602 3597 1662 3663 sad
1686 3599 1876 3682 spiritaliter
1901 3606 1939 3667 et

205 3693 250 3764 20
268 3700 431 3765 veraciter
451 3699 626 3784 implentes
648 3716 670 3762 a
689 3701 827 3783 paganis
850 3700 936 3764 bene
957 3698 1153 3784 dispositum
1175 3699 1255 3762 artis
1276 3698 1514 3782 grammaticae
1534 3696 1692 3763 diedmus
1712 3701 1885 3784 ingenium
1902 3705 1939 3767 et

266 3799 410 3866 libenter
429 3799 510 3866 illud
531 3800 565 3863 in
586 3798 710 3864 domini
732 3797 899 3865 offerimus
920 3799 1094 3864 anonimo.
1128 3804 1164 3864 et
1191 3800 1349 3883 quoniam
1371 3815 1426 3862 ars
1446 3799 1666 3881 mammatae
1682 3801 1836 3867 maxime
1856 3820 1934 3870 cunr

266 3903 404 3968 nomine
423 3900 549 3966 domini
569 3900 604 3964 in
624 3897 742 3974 dipinis
764 3899 931 3985 scripturis
952 3899 1156 3985 principatus
1177 3900 1230 3963 sui
1251 3900 1376 3965 obtinet
1395 3918 1549 3984 regnum,
1582 3907 1800 3986 annumque
1820 3919 1935 3968 rerum

266 4001 301 4066 in
324 4001 390 4067 hoc
409 3999 520 4066 libello
540 3999 718 4085 plurimum
739 4000 937 4066 coniunctim
961 3999 1116 4084 ponimus
1138 3998 1346 4084 exemplum,
1380 4004 1416 4063 ut
1445 4018 1512 4086 quo
1543 4001 1686 4067 ments
1717 4001 1844 4086 glutim
1872 4004 1939 4080 sint

267 4101 446 4167 coniuncta
464 4098 580 4166 lectori
602 4107 714 4165 nosue
736 4118 811 4165 asae
831 4117 898 4165 non
918 4101 1048 4186 possint
1073 4100 1253 4184 incognita
1295 4100 1415 4165 sed-ut
1443 4098 1580 4166 dulciter
1609 4100 1671 4167 tiro
1705 4101 1934 4167 ausoentalem

206 4197 249 4269 25
267 4203 347 4265 artis
369 4219 445 4265 curn
466 4198 619 4266 coelestis
640 4199 746 4264 mellis
768 4199 942 4266 dulcedius
964 4198 1092 4265 lanilius
1113 4201 1220 4284 possit
1239 4199 1373 4284 glutire,
1403 4201 1580 4286 scripturas
1607 4201 1686 4286 arti,
1717 4205 1825 4266 artem
1854 4219 1937 4268 vero

267 4301 429 4367 nectimus
457 4301 640 4386 scripturis,
675 4317 720 4364 na
746 4304 805 4364 aut
825 4303 1067 4384 grammaticae
1088 4300 1168 4364 artis
1190 4300 1340 4385 pondere
1359 4318 1491 4385 pressos
1512 4304 1570 4366 aut
1590 4300 1777 4366 divinarum
1798 4301 1937 4385 scripto·
1981 4305 1986 4308 ’

266 4417 378 4467 rmum
399 4401 489 4465 mole
509 4405 666 4484 gravatus
689 4398 872 4467 desidiosus
893 4399 999 4466 lector
1019 4401 1276 4467 excusationis
1266 4403 1416 4468 invenire
1439 4403 1543 4486 possit
1567 4401 1744 4468 annaeus
1788 4400 1935 4548 explicit:

267 4501 382 4587 incipit
401 4501 563 4586 praelatio
584 4501 683 4565 totins
703 4498 777 4566 libri
796 4501 890 4567 iatius

599 4599 697 4666 Hono
719 4601 827 4686 operis
848 4601 952 4666 nostri
974 4598 1143 4668 modicum
1162 4617 1321 4685 percurre
1339 4536 1502 4687 libellum,

205 4701 252 4773 30
646 4699 768 4779 lector,
789 4701 854 4764 ιιι
845 4701 1014 4784 invenias,
1036 4699 1196 4782 candide,
1217 4697 1377 4787 quidquid
1397 4717 1502 4768 amat.
1879 4737 1882 4740 -

374 4801 393 4857 2
410 4803 440 4858 io
458 4800 657 4857 membranulis
674 4803 736 4858 ced.
792 4802 825 4860 19
843 4801 985 4874 spiraliter
1004 4803 1066 4858 cod.
1138 4800 1175 4859 30
1192 4805 1319 4872 seguiter
1334 4803 1431 4856 mats
1446 4803 1571 4858 ms
1590 4800 1657 4857 libri
1673 4803 1798 4858 reram
1814 4817 1939 4882 cosp&

177 4975 183 4984 ν
269 4892 357 4947 lesse
373 4893 536 4962 macte,
554 4904 625 4960 geor
642 4903 699 4944 aas
717 4891 862 4960 unstrot
